3052 5514
35 484 38 495 .
161 508 325 620 chogic.
711 512 740 591 Σ
760 515 794 587 Τ
1189 504 1358 616 Σταυςὸο.

140 664 187 722 cai
200 662 386 745 figebantur
398 663 476 743 opud
489 648 630 722 IIomanor
644 661 743 721 mortis
773 681 811 721 ne
825 660 852 721 ri
866 672 897 721 et
910 660 1016 720 virtute
1040 677 1094 720 sua
1105 660 1239 740 privetur
1250 662 1375 724 doccia

140 744 281 823 afficiendi
292 745 439 826 supplicio,
463 746 538 824 quod
552 744 671 824 proprie
688 765 742 823 pa·
775 745 813 803 de
824 756 917 802 morte
928 742 1044 812 Christi,
1059 747 1071 802 i
1085 754 1160 815 λόγος
1174 748 1186 802 i
1201 752 1249 805 τοῦ
1263 754 1376 847 «aspi,

140 824 259 885 tilulum
280 826 430 886 vocabatur
451 836 477 885 et
489 827 619 905 figuram
643 824 743 882 literae
777 841 850 884 urs.
867 830 912 884 18.
927 835 1056 883 vocatur.
1090 823 1186 884 Galat
1201 824 1241 895 V,
1258 830 1307 884 11.
1333 830 1379 909 ege

138 927 260 986 graecae
273 918 300 967 et
313 907 420 966 letinae
435 907 461 965 T
474 905 621 987 rgserelot,
641 905 678 963 de
692 924 743 963 cu·
775 911 932 988 aalma
967 912 995 964 sl
1031 901 1172 964 nisi-sor
1199 914 1247 967 τοῦ
1274 915 1380 991 crespi

138 989 187 1066 jus
201 988 284 1049 variis
307 989 405 1047 formis
429 1006 464 1047 ac
485 987 583 1045 usibus
603 985 744 1044 videndus
777 998 848 1045 tunc
862 997 1058 1046 removeretur
1069 986 1118 1044 illa
1127 987 1189 1065 ipsa
1197 986 1335 1047 doctrine
1346 989 1379 1048 ds

142 1081 188 1128 est
200 1071 279 1140 Just.
289 1071 405 1150 Lipsius
418 1068 455 1127 de
467 1070 571 1128 Cruce.
585 1066 744 1126 Amstelod.
777 1069 859 1137 lesu,
874 1068 902 1124 in
917 1085 1034 1126 emnem
1048 1080 1125 1139 acto,
1136 1087 1194 1146 qus
1203 1069 1381 1145 potissimum

144 1153 295 1212 167013.
317 1163 348 1209 et
368 1149 548 1208 &rabonus
570 1148 599 1205 in
625 1147 745 1206 Exerci·
778 1147 962 1207 offenduntur
990 1147 1105 1208 Judset
1155 1149 1225 1208 hid
1253 1148 1309 1214 vl.
1340 1155 1380 1210 13.

142 1240 207 1290 tati.
223 1232 394 1290 Antibaron.
410 1231 532 1288 Excurs.
548 1228 630 1298 XVI,
653 1248 676 1285 s.
696 1230 745 1290 77·
777 1232 847 1305 prim
868 1230 909 1288 iis
931 1238 966 1303 psi
987 1237 1022 1307 τῇ
1035 1237 1134 1312 erese?
1146 1238 1191 1292 us
1205 1229 1381 1313 Igms'adoe‘·

142 1330 171 1389 p.
186 1316 244 1373 437
259 1330 319 1390 seq.
362 1311 427 1370 Fuit
449 1323 546 1369 autem
571 1309 627 1367 hoe
651 1307 746 1366 crucis
779 1337 871 1368 uns.
885 1309 971 1367 modo
986 1329 1023 1369 ne
1033 1310 1071 1369 ob
1080 1310 1243 1370 doctrinam
1257 1312 1297 1371 de
1311 1333 1381 1372 rnor-

142 1391 313 1469 supplicium
338 1392 458 1451 Judseis
484 1391 575 1449 libers
599 1390 746 1466 republica
779 1402 809 1448 te
825 1391 932 1450 Christi
946 1391 976 1447 in
997 1410 1085 1450 cruce
1098 1402 1221 1450 cruenta
1264 1395 1381 1472 quasb·

142 1471 228 1550 plane
249 1473 425 1545 inusitatum,
450 1473 536 1550 longe
557 1471 746 1529 miserrimum
781 1483 898 1549 rogatae
912 1471 1072 1549 suntleges
1085 1471 1247 1544 Moesicae,
1288 1495 1382 1554 perse·

142 1562 175 1613 et
208 1554 434 1612 crudelissimum
472 1551 654 1631 supplicium,
688 1569 746 1627 quo
781 1552 913 1611 cationes
926 1552 1080 1631 patiantur.
1121 1552 1189 1612 ibid.
1203 1561 1296 1615 v.14.
1320 1557 1382 1615 Plri-

142 1634 220 1712 apud
238 1635 382 1694 Romanos
404 1634 479 1693 servi
502 1645 614 1692 tantum
632 1631 747 1708 nequis·
780 1634 830 1710 lip.
842 1632 900 1704 III,
912 1638 958 1692 18.
980 1643 1036 1699 τοὺς
1050 1635 1093 1709 ixl
1121 1634 1207 1698 lesos
1219 1646 1383 1718 unapars?

141 1713 206 1773 rimi
220 1726 251 1774 et
264 1716 311 1775 alii
324 1715 465 1786 homines,
486 1713 636 1792 insigniter
657 1712 746 1770 seele·
781 1724 888 1775 ranst
899 1715 1074 1773 adversarios
1104 1715 1382 1778 octrinaedemorts

142 1797 197 1855 rati
211 1808 242 1856 et
255 1797 336 1865 viles,
350 1796 556 1865 efficiebantur,
574 1794 623 1859 ita,
640 1804 681 1863 ut,
695 1812 747 1850 an·
783 1743 899 1862 Cirristi,
914 1795 1014 1872 quales
1027 1806 1109 1854 erant
1122 1795 1258 1868 doctores,
1272 1799 1381 1876 quidu-

143 1888 259 1956 thuam
274 1878 457 1957 adigerentur
481 1876 571 1946 cruci,
593 1894 657 1934 eam
670 1874 746 1932 ferre
782 1876 922 1934 duismum
935 1875 1139 1943 defendebant,
1162 1889 1193 1935 et
1209 1877 1252 1936 ita
1263 1879 1322 1937 vim
1336 1880 1381 1940 de·

143 1971 318 2037 cogerentur
332 1979 385 2038 per
404 1958 514 2037 plateas
537 1955 616 2016 urbis
629 1954 666 2013 ad
679 1963 754 2033 sup-'
783 1957 936 2015 trahebant
946 1956 1096 2015 doctrinae
1109 1957 1147 2016 de
1160 1970 1255 2018 morte
1267 1959 1380 2028 Christi,

142 2040 220 2117 plicii
235 2041 331 2098 locum
349 2053 381 2099 et
401 2039 545 2098 interdurn
559 2037 692 2095 manibus
705 2035 747 2092 sl·
782 2057 840 2116 qus
866 2038 1020 2115 abrogatae
1051 2037 1224 2097 dicebantur
1250 2059 1268 2099 a
1297 2041 1381 2101 Paulo

143 2121 223 2199 ligati
247 2121 368 2199 flagellis
389 2131 419 2178 et
436 2120 523 2198 virgis
546 2117 747 2184 caederentur,
781 2119 960 2196 caeterisque
976 2118 1122 2196 Apostolis
1135 2119 1216 2197 leges
1227 2120 1381 2182 Moesicae.

143 2201 221 2260 unde
254 2202 399 2281 Furciferi
433 2200 614 2259 dicebantur.
663 2195 748 2255 Conf.
784 2199 843 2257 Alii
858 2219 926 2257 vero
947 2200 1119 2277 interpretes
1141 2200 1216 2260 hacc
1229 2203 1319 2262 verba
1335 2223 1380 2282 ge-

143 2282 299 2341 eriren'i
325 2283 441 2340 Pentec.
457 2299 521 2358 cap.
538 2283 584 2337 15.
619 2275 746 2355 Lipsiam
782 2279 902 2338 neratim
918 2279 954 2339 de
969 2280 1131 2339 hominibus
1144 2280 1308 2361 intelligere
1327 2303 1380 2344 ms·

144 2362 181 2421 de
193 2364 289 2421 Cruce
300 2362 341 2430 Il,
352 2368 381 2422 5.
403 2359 587 2439 Kippingium
602 2358 747 2416 deCruce
782 2360 855 2428 lunt,
878 2361 926 2438 qui
951 2359 1008 2418 vita
1030 2381 1083 2419 sus
1106 2361 1229 2420 scelesta
1246 2365 1304 2422 vim
1325 2385 1380 2424 om·

144 2454 175 2502 et
198 2441 362 2512 Cruciariis,
387 2441 492 2499 Exere.
518 2444 545 2498 8.
568 2449 598 2497 et
622 2439 747 2517 Lydium
782 2461 848 2499 nem
865 2441 963 2499 mortis
983 2441 1089 2500 Christi
1113 2442 1218 2502 tollunt
1242 2455 1274 2504 et
1296 2445 1336 2505 ita
1354 2464 1380 2504 se

143 2523 174 2580 in
194 2522 270 2579 Flor.
286 2524 382 2600 Spars.
395 2521 432 2578 ad
446 2521 606 2598 passionem
626 2520 656 2577 J.
671 2522 705 2578 C.
719 2540 747 2597 p.
782 2521 958 2580 adversarios
974 2523 1092 2594 Christi,
1111 2522 1142 2580 in
1162 2542 1252 2586 cruce
1270 2526 1381 2598 mortui,

146 2608 278 2705 lffiloeq.
321 2600 428 2710 blatth.
447 2599 571 2705 XXVII,
595 2603 644 2704 32.
664 2609 749 2705 roho:
782 2615 937 2681 praestant.
1004 2683 1012 2698 .
1178 2683 1185 2697 ι

144 2707 453 2842 archalis
469 2707 750 2822 stimme:
782 2683 1066 2823 ..⁵.;‚.‘;¹⁶.lllll.².·
1077 2682 1383 2848 3333334

144 2847 226 2904 Jesu.
266 2845 334 2905 ibid.
348 2866 374 2903 v.
388 2849 429 2903 lo
443 2856 472 2902 et
488 2846 535 2901 42.
555 2841 696 2902 mentire
712 2850 749 2902 νῦν
782 2854 839 2915 tce,
869 2864 926 2903 non
950 2845 1011 2904 sine
1038 2857 1173 2925 respectu
1199 2847 1238 2907 ad
1264 2863 1384 2911 mortem

144 2927 198 2986 alni
222 2934 267 2987 τσῦ
294 2933 404 3007 nergel
429 2923 588 2983 descendat
610 2942 687 2981 nunc
711 2922 748 2981 dc
785 2926 900 2994 Christi,
923 2944 1008 3002 quam
1023 2927 1051 2983 in
1067 2947 1165 2999 cruce,
1186 2929 1317 2990 veritatis
1339 2931 1384 2992 dc·

146 3027 243 3067 cruce.
285 3007 379 3066 Marc.
394 3005 462 3075 XV,
477 3009 526 3064 21.
541 3008 588 3063 30.
603 3008 651 3063 33.
676 3003 750 3062 Luc.
783 3007 889 3076 Tonsor,
917 3007 1014 3065 subiit.
1055 3008 1162 3067 Matth.
1183 3009 1284 3071 1138.
1315 3011 1387 3080 'less'

145 3088 261 3158 XXIII,
276 3092 326 3149 36.
346 3090 459 3154 irritares
479 3090 546 3164 stirpi
570 3092 610 3143 ris
634 3093 762 3167 araugis,
784 3085 908 3146 hassirim
921 3094 961 3146 ris
975 3096 1173 3172 “augistini
1193 3091 1243 3168 qui
1264 3112 1326 3152 non
1339 3113 1389 3173 pa·

143 3172 220 3252 pigro
234 3169 329 3229 lescle
342 3178 387 3230 τοῦ
401 3169 489 3233 Ἰησοῦ.
520 3166 588 3225 Joh.
603 3165 684 3234 XIX,
703 3170 749 3227 17.
784 3179 862 3226 ratus
876 3178 921 3226 est
935 3179 965 3226 et
979 3181 1127 3247 promptus
1140 3170 1177 3229 ad
1190 3173 1348 3234 subeunda
1360 3184 1390 3234 et

148 3255 195 3311 19.
211 3254 260 3310 35.
274 3255 322 3310 31.
355 3248 477 3326 Philipp.
494 3247 534 3315 ΙΙ,
550 3253 579 3306 8.
598 3243 750 3305 hordeacii
784 3248 954 3327 perferenda
974 3270 1085 3309 summa
1107 3252 1248 3330 supplicia
1267 3266 1300 3314 et
1314 3257 1393 3315 vitae

146 3340 257 3412 “cogat
271 3349 361 3407 usque
381 3329 417 3386 ad
431 3339 553 3385 mortem
568 3326 641 3385 adeo
655 3327 749 3385 crucis
783 3329 912 3407 pericula
933 3331 970 3387 ob
997 3331 1165 3409 religionem
1193 3333 1392 3396 christianam.

145 3410 440 3486 ignominiosissimam
464 3421 495 3465 et
515 3406 749 3465 crudelissimam.
784 3410 853 3468 ibid.
868 3409 950 3480 XVI,
966 3415 1013 3471 34.
1035 3415 1122 3494 spire
1134 3423 1174 3472 τὸν
1188 3423 1296 3498 aas&
1309 3424 1397 3481 αὑτοῦ

147 3491 257 3550 Coloss.
270 3489 293 3558 l,
306 3495 353 3550 20.
375 3486 416 3548 iol
430 3496 474 3548 τοῦ
488 3488 595 3562 sibero,
609 3497 655 3547 τοῦ
668 3515 749 3547 ereo·
784 3509 930 3569 nunquam
954 3504 1068 3551 recuset
1090 3493 1262 3555 christianae
1279 3498 1397 3559 doctri.

146 3578 190 3707 pf}
200 3575 278 3631 eleut
287 3590 339 3649 per
350 3571 517 3648 sanguinem
526 3587 609 3626 suum
621 3567 649 3626 in
661 3587 748 3627 cruce
784 3590 972 3710 naeroecausa·
991 3573 1171 3669 gravissimas
1198 3577 1396 3719 mlamitptes,

146 3670 276 3709 eurum.
785 3672 832 3709 mo
879 3673 906 3708 m
934 3666 1021 3712 etiarn
1048 3666 1235 3715 tristissimam
1341 3661 1350 3718 i
1384 3703 1396 3720 .

168 3737 196 3791 3.
216 3732 305 3790 crucis
321 3728 496 3811 suppliciam,
511 3750 584 3790 mors
597 3731 627 3790 in
641 3750 748 3789 cracem
787 3733 879 3790 Marc.
894 3732 979 3804 VIII,
995 3739 1043 3794 34.
1064 3735 1101 3804 X,
1117 3739 1164 3795 21.
1186 3700 1260 3797 Lai.
1272 3678 1331 3811 IX,
1343 3681 1395 3803 ἔξ.

148 3813 213 3882 acti,
226 3824 255 3870 et
267 3813 432 3891 speciatim:
452 3833 526 3870 mors
537 3811 645 3870 Christi
651 3832 749 3871 craen-
786 3812 832 3872 CI.
854 3813 980 3872 Fischeri
1009 3815 1119 3875 Prolus.
1147 3817 1211 3877 XV.
1237 3819 1275 3879 de
1304 3821 1397 3882 vitiis

146 3902 178 3951 tc
192 3894 221 3951 in
235 3913 325 3952 cruce.
369 3892 573 3960 lCor.I,18.
604 3893 748 3964 lsi-,oei
786 3894 961 3953 Lexicorum
986 3896 1024 3954 N.
1039 3897 1073 3955 T.
1097 3917 1126 3974 p.
1144 3901 1203 3962 373
1215 3919 1276 3980 seq.
1322 3903 1395 3964 Sae-

148 3981 193 4034 τοῦ
207 3983 317 4056 eravpt
339 3974 470 4033 doctrina
485 3973 522 4030 de
536 3983 628 4030 morte
644 3973 749 4032 Christi
785 3975 849 4054 pius
864 3976 892 4032 in
914 3977 951 4034 N.
966 3977 1000 4035 T.
1021 3996 1078 4034 non
1092 3978 1206 4055 legitur.

150 4054 180 4112 In
195 4074 281 4113 cruce
296 4068 425 4115 cruenta.
461 4054 565 4132 Ephes
582 4053 620 4120 11,
638 4058 683 4112 16.
704 4060 750 4114 ul
826 4054 1004 4128 ΣΤΛΥΡόΩ,
1018 4062 1047 4128 ὅ,
1061 4056 1114 4118 fut.
1124 4062 1189 4132 dos,
1213 4066 1241 4121 l.
1254 4065 1392 4142 proprie:

148 4141 355 4216 ὶποιατιλλιίξῃ
380 4139 435 4203 τοὺς
451 4138 603 4215 &pronaeve
625 4136 688 4193 iriri
702 4137 750 4193 rsi-
779 4136 859 4218 palo,
884 4158 935 4196 seu
956 4138 1033 4198 cruci
1045 4140 1128 4220 qffigo
1142 4143 1239 4201 mortis
1253 4144 1394 4224 supplicio

148 4244 213 4295 μτι
233 4224 269 4295 τᾷ
289 4226 343 4295 Θιᾷ
367 4215 407 4275 inl
430 4224 475 4276 τοῦ
499 4223 616 4296 rrsogsi.
659 4214 751 4274 Hebr.
785 4219 936 4289 additium,
950 4220 1091 4300 crucifigo,
1109 4222 1138 4279 in
1157 4243 1264 4282 crucem
1279 4225 1350 4285 Iollo
1364 4236 1392 4285 ei

62 4371 67 4377 ¹
150 4299 220 4365 XII,
235 4302 264 4356 9.
298 4301 406 4373 ὑτέμιιη
429 4304 535 4378 nangis
558 4294 696 4353 8111)(Ιῦ1111
718 4316 749 4355 se
785 4319 850 4391 ago,
866 4302 1174 4381 anargircrux,qu0d
1183 4303 1259 4363 vide.
1282 4307 1391 4366 Matth.

151 4379 245 4438 crucis
258 4379 426 4457 supplicio..
787 4379 854 4450 XX,
885 4384 931 4440 19.
970 4387 1134 4456 μιπιγῧσιι
1160 4392 1206 4446 rel
1232 4393 1391 4481 mageima

170 4468 199 4520 4.
219 4460 347 4521 doctrino
363 4461 398 4517 de
411 4467 498 4516 morte
514 4455 622 4514 Christi
635 4466 749 4515 cruenta
786 4459 855 4517 ibid.
879 4459 991 4531 XXIII,
1014 4467 1061 4522 34.
1082 4463 1193 4535 XXVI,
1208 4470 1236 4524 2.
1258 4467 1391 4540 XXVII,

149 4542 180 4601 ia
194 4562 284 4611 cruce,
295 4552 326 4600 et
336 4539 478 4599 interdum
491 4537 667 4616 generatim:
687 4539 751 4596 doc·
787 4544 835 4599 22.
857 4545 905 4600 23.
924 4544 972 4602 36.
987 4548 1034 4602 31.
1049 4547 1097 4604 35.
1111 4549 1159 4604 38.
1191 4546 1337 4619 XXVIII,
1360 4555 1391 4609 5.

150 4623 227 4680 trine
254 4623 419 4688 christiana,
454 4622 535 4697 cujus
564 4619 749 4695 praecipuum
785 4633 842 4680 etc.
886 4623 1052 4700 Respondet
1070 4624 1243 4686 inversione
1259 4629 1392 4688 Alexan·

151 4716 239 4797 caput
253 4716 297 4763 est
318 4702 449 4798 doctrina
470 4701 519 4796 de·
528 4711 621 4758 morte
645 4699 750 4758 Christi
785 4701 867 4762 drina
881 4703 1015 4763 hebraico
1029 4687 1103 4800 Πξῃ
1116 4709 1270 4789 suspendit,
1284 4731 1391 4793 appffl.

151 4784 304 4842 salutrfera.
330 4787 377 4844 Sic
391 4785 497 4861 legitur
510 4803 540 4840 sn
555 4781 592 4839 N.
604 4780 639 4839 T.
657 4786 668 4838 1
684 4781 752 4886 Cor.
784 4810 836 4871 dp·
859 4811 964 4872 &ther
978 4812 1046 4887 VH,
1061 4818 1090 4876 9·

151 4862 178 4934 I,
195 4868 239 4927 17.
260 4866 299 4924 iis
308 4870 343 4944 pi
353 4872 436 4946 arreti
450 4869 462 4924 ὅ
476 4871 582 4946 nangis
592 4870 751 4945 niligenas
1363 4903 1391 4961 9·
