<?xml version="1.0" encoding="UTF-8"?>
<!DOCTYPE html PUBLIC "-//W3C//DTD XHTML 1.0 Transitional//EN"
    "http://www.w3.org/TR/xhtml1/DTD/xhtml1-transitional.dtd">
<html xmlns="http://www.w3.org/1999/xhtml" xml:lang="en" lang="en">
 <head>
  <title>
</title>
<meta http-equiv="Content-Type" content="text/html;charset=utf-8" />
  <meta name='ocr-system' content='tesseract 3.04.00' />
  <meta name='ocr-capabilities' content='ocr_page ocr_carea ocr_par ocr_line ocrx_word'/>
</head>
<body>
  <div class='ocr_page' id='page_1' title='image "./novumlexicongra00dickgoog/novumlexicongra00dickgoog_0141.png"; bbox 0 0 3052 5514; ppageno 0'>
   <div class='ocr_carea' id='block_1_1' title="bbox 118 105 1361 341">
    <p class='ocr_par' dir='ltr' id='par_1_1' title="bbox 118 105 1361 341">
     <span class='ocr_line' id='line_1_1' title="bbox 137 105 1343 217; baseline -0.01 -25"><span class='ocrx_word' id='word_1_1' title='bbox 137 108 350 217; x_wconf 67' lang='lat' dir='ltr'><em>Epaminlior.</em></span> <span class='ocrx_word' id='word_1_2' title='bbox 704 113 734 190; x_wconf 75' lang='grc' dir='ltr'>Σ</span> <span class='ocrx_word' id='word_1_3' title='bbox 754 117 771 189; x_wconf 89' lang='lat' dir='ltr'>I</span> <span class='ocrx_word' id='word_1_4' title='bbox 1245 105 1343 184; x_wconf 74' lang='grc' dir='ltr'><strong>Σιιᾶ.</strong></span> 
     </span>
     <span class='ocr_line' id='line_1_2' title="bbox 118 253 1361 341; baseline -0.006 -21"><span class='ocrx_word' id='word_1_5' title='bbox 118 262 152 320; x_wconf 89' lang='grc' dir='ltr'><em>Τ.</em></span> <span class='ocrx_word' id='word_1_6' title='bbox 168 262 192 320; x_wconf 90' lang='grc' dir='ltr'><em>Ι.</em></span> <span class='ocrx_word' id='word_1_7' title='bbox 205 282 233 341; x_wconf 91' lang='lat' dir='ltr'><em>p.</em></span> <span class='ocrx_word' id='word_1_8' title='bbox 248 265 308 325; x_wconf 72' lang='lat'><em>742</em></span> <span class='ocrx_word' id='word_1_9' title='bbox 320 271 352 320; x_wconf 82' lang='lat' dir='ltr'><em>et</em></span> <span class='ocrx_word' id='word_1_10' title='bbox 364 264 433 323; x_wconf 86' lang='grc'><strong>903.</strong></span> <span class='ocrx_word' id='word_1_11' title='bbox 446 270 478 319; x_wconf 86' lang='lat' dir='ltr'><em>et</em></span> <span class='ocrx_word' id='word_1_12' title='bbox 490 257 607 324; x_wconf 74' lang='lat' dir='ltr'><em>Paniai</em></span> <span class='ocrx_word' id='word_1_13' title='bbox 621 257 723 338; x_wconf 86' lang='lat' dir='ltr'><em>Spicil.</em></span> <span class='ocrx_word' id='word_1_14' title='bbox 776 262 804 318; x_wconf 90' lang='lat'><strong>1.</strong></span> <span class='ocrx_word' id='word_1_15' title='bbox 831 258 947 328; x_wconf 83' lang='lat' dir='ltr'><em>Pelrsu,</em></span> <span class='ocrx_word' id='word_1_16' title='bbox 975 257 1010 317; x_wconf 88' lang='lat' dir='ltr'><em>J.</em></span> <span class='ocrx_word' id='word_1_17' title='bbox 1039 257 1072 316; x_wconf 83' lang='lat' dir='ltr'><strong>C.</strong></span> <span class='ocrx_word' id='word_1_18' title='bbox 1099 253 1253 336; x_wconf 77' lang='lat' dir='ltr'><em>aposlolus,</em></span> <span class='ocrx_word' id='word_1_19' title='bbox 1275 253 1361 332; x_wconf 70' lang='lat' dir='ltr'><em>fidus</em></span> 
     </span>
    </p>
   </div>
   <div class='ocr_carea' id='block_1_2' title="bbox 45 337 1369 3001">
    <p class='ocr_par' dir='ltr' id='par_1_2' title="bbox 45 337 1369 3001">
     <span class='ocr_line' id='line_1_3' title="bbox 118 337 1363 420; baseline -0.006 -20"><span class='ocrx_word' id='word_1_20' title='bbox 118 342 228 420; x_wconf 81' lang='lat' dir='ltr'><em>Evang.</em></span> <span class='ocrx_word' id='word_1_21' title='bbox 242 362 268 400; x_wconf 88' lang='lat' dir='ltr'><em>c.</em></span> <span class='ocrx_word' id='word_1_22' title='bbox 283 347 332 403; x_wconf 89' lang='lat'><em>69.</em></span> <span class='ocrx_word' id='word_1_23' title='bbox 754 341 860 408; x_wconf 78' lang='lat' dir='ltr'><em>donae,</em></span> <span class='ocrx_word' id='word_1_24' title='bbox 882 343 987 419; x_wconf 79' lang='lat' dir='ltr'><em>frater</em></span> <span class='ocrx_word' id='word_1_25' title='bbox 1030 337 1173 407; x_wconf 77' lang='lat' dir='ltr'><em>Andreae,</em></span> <span class='ocrx_word' id='word_1_26' title='bbox 1207 337 1258 415; x_wconf 87' lang='lat' dir='ltr'><em>qui</em></span> <span class='ocrx_word' id='word_1_27' title='bbox 1292 353 1363 394; x_wconf 82' lang='lat' dir='ltr'><em>mox</em></span> 
     </span>
     <span class='ocr_line' id='line_1_4' title="bbox 159 416 1362 501; baseline -0.008 -18"><span class='ocrx_word' id='word_1_28' title='bbox 159 421 414 494; x_wconf 72' lang='lat' dir='ltr'><em>zlmtu‘uelou,</em></span> <span class='ocrx_word' id='word_1_29' title='bbox 433 432 475 493; x_wconf 86' lang='lat' dir='ltr'><em>et,</em></span> <span class='ocrx_word' id='word_1_30' title='bbox 495 431 528 479; x_wconf 90' lang='lat' dir='ltr'><em>ut</em></span> <span class='ocrx_word' id='word_1_31' title='bbox 542 420 648 480; x_wconf 83' lang='lat' dir='ltr'><em>rectius</em></span> <span class='ocrx_word' id='word_1_32' title='bbox 661 418 726 478; x_wconf 58' lang='lat' dir='ltr'><em>for«</em></span> <span class='ocrx_word' id='word_1_33' title='bbox 756 423 840 494; x_wconf 66' lang='grc' dir='ltr'><strong><em>Σίμου</em></strong></span> <span class='ocrx_word' id='word_1_34' title='bbox 853 424 907 501; x_wconf 63' lang='lat' dir='ltr'><em>al&lt;</em></span> <span class='ocrx_word' id='word_1_35' title='bbox 920 419 1001 489; x_wconf 60' lang='grc' dir='ltr'><strong>’11ιῆ</strong></span> <span class='ocrx_word' id='word_1_36' title='bbox 1013 417 1120 476; x_wconf 85' lang='lat' dir='ltr'><em>Matth.</em></span> <span class='ocrx_word' id='word_1_37' title='bbox 1132 416 1215 487; x_wconf 86' lang='lat' dir='ltr'>XVI,</span> <span class='ocrx_word' id='word_1_38' title='bbox 1229 420 1277 480; x_wconf 83' lang='lat'><strong>17.</strong></span> <span class='ocrx_word' id='word_1_39' title='bbox 1290 433 1362 474; x_wconf 83' lang='lat' dir='ltr'><em>mox</em></span> 
     </span>
     <span class='ocr_line' id='line_1_5' title="bbox 119 497 1362 582; baseline -0.007 -19"><span class='ocrx_word' id='word_1_40' title='bbox 119 518 193 564; x_wconf 77' lang='lat' dir='ltr'><em>tasse</em></span> <span class='ocrx_word' id='word_1_41' title='bbox 217 504 360 574; x_wconf 81' lang='lat' dir='ltr'>scribitur,</span> <span class='ocrx_word' id='word_1_42' title='bbox 385 498 652 569; x_wconf 74' lang='lat' dir='ltr'><em>snnsntnosos,</em></span> <span class='ocrx_word' id='word_1_43' title='bbox 673 503 722 570; x_wconf 71' lang='lat' dir='ltr'><em>iio,</em></span> <span class='ocrx_word' id='word_1_44' title='bbox 756 515 839 572; x_wconf 67' lang='grc' dir='ltr'><em>Σιμω</em></span> <span class='ocrx_word' id='word_1_45' title='bbox 860 505 872 560; x_wconf 75' lang='lat'><em>0¹</em></span> <span class='ocrx_word' id='word_1_46' title='bbox 895 515 994 582; x_wconf 50' lang='lat' dir='ltr'><em>nescu,</em></span> <span class='ocrx_word' id='word_1_47' title='bbox 1015 498 1123 557; x_wconf 77' lang='lat' dir='ltr'><em>March.</em></span> <span class='ocrx_word' id='word_1_48' title='bbox 1139 498 1193 568; x_wconf 88' lang='lat' dir='ltr'><em>lv,</em></span> <span class='ocrx_word' id='word_1_49' title='bbox 1210 503 1258 556; x_wconf 81' lang='lat' dir='ltr'><em>la.</em></span> <span class='ocrx_word' id='word_1_50' title='bbox 1280 497 1317 562; x_wconf 83' lang='grc' dir='ltr'><strong>Χ.</strong></span> <span class='ocrx_word' id='word_1_51' title='bbox 1333 501 1362 554; x_wconf 79' lang='lat' dir='ltr'><em>u.</em></span> 
     </span>
     <span class='ocr_line' id='line_1_6' title="bbox 118 579 1363 662; baseline -0.008 -17"><span class='ocrx_word' id='word_1_52' title='bbox 118 583 412 655; x_wconf 40' lang='lat' dir='ltr'><em>cinomannicum.</em></span> <span class='ocrx_word' id='word_1_53' title='bbox 424 591 721 662; x_wconf 68' lang='lat' dir='ltr'><em>augmentumque</em></span> <span class='ocrx_word' id='word_1_54' title='bbox 758 581 839 649; x_wconf 97' lang='lat' dir='ltr'>XVI,</span> <span class='ocrx_word' id='word_1_55' title='bbox 856 587 901 642; x_wconf 89' lang='lat'><em>16.</em></span> <span class='ocrx_word' id='word_1_56' title='bbox 922 601 991 638; x_wconf 81' lang='lat' dir='ltr'><em>mox</em></span> <span class='ocrx_word' id='word_1_57' title='bbox 1005 599 1074 638; x_wconf 87' lang='lat' dir='ltr'><em>vero</em></span> <span class='ocrx_word' id='word_1_58' title='bbox 1087 579 1256 657; x_wconf 87' lang='lat' dir='ltr'><em>simpliciter</em></span> <span class='ocrx_word' id='word_1_59' title='bbox 1269 589 1363 652; x_wconf 68' lang='grc' dir='ltr'><strong><em>Σιμι,</em></strong></span> 
     </span>
     <span class='ocr_line' id='line_1_7' title="bbox 119 660 1363 743; baseline -0.007 -19"><span class='ocrx_word' id='word_1_60' title='bbox 119 667 246 724; x_wconf 76' lang='lat' dir='ltr'><em>anterior</em></span> <span class='ocrx_word' id='word_1_61' title='bbox 272 665 395 743; x_wconf 85' lang='lat' dir='ltr'><em>corporis</em></span> <span class='ocrx_word' id='word_1_62' title='bbox 419 684 489 741; x_wconf 82' lang='lat' dir='ltr'><em>pars</em></span> <span class='ocrx_word' id='word_1_63' title='bbox 516 685 534 722; x_wconf 88' lang='lat' dir='ltr'><em>a</em></span> <span class='ocrx_word' id='word_1_64' title='bbox 559 661 671 742; x_wconf 85' lang='lat' dir='ltr'><em>cingulo</em></span> <span class='ocrx_word' id='word_1_65' title='bbox 694 671 722 721; x_wconf 85' lang='lat' dir='ltr'><em>el</em></span> <span class='ocrx_word' id='word_1_66' title='bbox 759 661 865 719; x_wconf 88' lang='lat' dir='ltr'><em>Matth.</em></span> <span class='ocrx_word' id='word_1_67' title='bbox 887 661 984 729; x_wconf 90' lang='lat' dir='ltr'>XVII,</span> <span class='ocrx_word' id='word_1_68' title='bbox 1010 667 1058 721; x_wconf 76' lang='lat'><strong>25.</strong></span> <span class='ocrx_word' id='word_1_69' title='bbox 1083 663 1150 718; x_wconf 84' lang='lat' dir='ltr'><em>Act.</em></span> <span class='ocrx_word' id='word_1_70' title='bbox 1171 660 1209 728; x_wconf 91' lang='lat' dir='ltr'>X,</span> <span class='ocrx_word' id='word_1_71' title='bbox 1226 666 1256 718; x_wconf 85' lang='grc'><strong>5.</strong></span> <span class='ocrx_word' id='word_1_72' title='bbox 1278 678 1363 716; x_wconf 85' lang='lat' dir='ltr'><em>voca-</em></span> 
     </span>
     <span class='ocr_line' id='line_1_8' title="bbox 119 739 1362 823; baseline -0.008 -19"><span class='ocrx_word' id='word_1_73' title='bbox 119 746 218 805; x_wconf 84' lang='lat' dir='ltr'><em>lmnbis</em></span> <span class='ocrx_word' id='word_1_74' title='bbox 230 767 315 823; x_wconf 82' lang='lat' dir='ltr'><em>usque</em></span> <span class='ocrx_word' id='word_1_75' title='bbox 328 746 366 803; x_wconf 89' lang='lat' dir='ltr'><em>ad</em></span> <span class='ocrx_word' id='word_1_76' title='bbox 375 745 460 823; x_wconf 87' lang='lat' dir='ltr'><em>pedes</em></span> <span class='ocrx_word' id='word_1_77' title='bbox 477 744 674 823; x_wconf 77' lang='lat' dir='ltr'><em>praecingitur</em></span> <span class='ocrx_word' id='word_1_78' title='bbox 695 751 722 800; x_wconf 85' lang='lat' dir='ltr'><em>el</em></span> <span class='ocrx_word' id='word_1_79' title='bbox 758 754 814 800; x_wconf 91' lang='lat' dir='ltr'><em>tur.</em></span> <span class='ocrx_word' id='word_1_80' title='bbox 857 742 940 802; x_wconf 87' lang='lat' dir='ltr'><em>Conf.</em></span> <span class='ocrx_word' id='word_1_81' title='bbox 960 741 1105 800; x_wconf 84' lang='lat' dir='ltr'><em>Welsleat&#39;i</em></span> <span class='ocrx_word' id='word_1_82' title='bbox 1119 740 1156 797; x_wconf 89' lang='lat' dir='ltr'><em>N.</em></span> <span class='ocrx_word' id='word_1_83' title='bbox 1171 740 1206 798; x_wconf 95' lang='lat' dir='ltr'><strong>T.</strong></span> <span class='ocrx_word' id='word_1_84' title='bbox 1228 739 1265 797; x_wconf 88' lang='grc' dir='ltr'><em>Τ.</em></span> <span class='ocrx_word' id='word_1_85' title='bbox 1280 739 1321 796; x_wconf 91' lang='grc'><em>11.</em></span> <span class='ocrx_word' id='word_1_86' title='bbox 1334 759 1362 815; x_wconf 89' lang='lat' dir='ltr'><em>p.</em></span> 
     </span>
     <span class='ocr_line' id='line_1_9' title="bbox 121 823 827 906; baseline -0.008 -21"><span class='ocrx_word' id='word_1_87' title='bbox 121 850 175 906; x_wconf 87' lang='lat' dir='ltr'><em>qno</em></span> <span class='ocrx_word' id='word_1_88' title='bbox 189 827 368 905; x_wconf 69' lang='lat' dir='ltr'><em>opficesserc</em></span> <span class='ocrx_word' id='word_1_89' title='bbox 379 825 421 883; x_wconf 83' lang='lat' dir='ltr'><em>uli</em></span> <span class='ocrx_word' id='word_1_90' title='bbox 434 824 533 894; x_wconf 70' lang='lat' dir='ltr'><em>soleat,</em></span> <span class='ocrx_word' id='word_1_91' title='bbox 547 826 624 901; x_wconf 89' lang='lat' dir='ltr'><em>quad</em></span> <span class='ocrx_word' id='word_1_92' title='bbox 636 823 723 880; x_wconf 88' lang='lat' dir='ltr'><em>latine</em></span> <span class='ocrx_word' id='word_1_93' title='bbox 759 828 827 883; x_wconf 79' lang='grc'><strong>638.</strong></span> 
     </span>
     <span class='ocr_line' id='line_1_10' title="bbox 122 901 1364 984; baseline -0.006 -18"><span class='ocrx_word' id='word_1_94' title='bbox 122 908 209 966; x_wconf 87' lang='lat' dir='ltr'><em>etium</em></span> <span class='ocrx_word' id='word_1_95' title='bbox 229 907 438 965; x_wconf 73' lang='lat' dir='ltr'><em>succinctorium</em></span> <span class='ocrx_word' id='word_1_96' title='bbox 461 917 492 964; x_wconf 87' lang='lat' dir='ltr'><em>et</em></span> <span class='ocrx_word' id='word_1_97' title='bbox 512 903 724 984; x_wconf 79' lang='lat' dir='ltr'><em>subligaculum,</em></span> <span class='ocrx_word' id='word_1_98' title='bbox 778 908 806 961; x_wconf 75' lang='grc'><strong>3.</strong></span> <span class='ocrx_word' id='word_1_99' title='bbox 826 905 931 980; x_wconf 80' lang='lat' dir='ltr'><em>frater</em></span> <span class='ocrx_word' id='word_1_100' title='bbox 964 903 1061 962; x_wconf 79' lang='lat' dir='ltr'><em>dudae</em></span> <span class='ocrx_word' id='word_1_101' title='bbox 1095 901 1226 972; x_wconf 82' lang='lat' dir='ltr'><em>Lebbaei,</em></span> <span class='ocrx_word' id='word_1_102' title='bbox 1256 901 1364 979; x_wconf 81' lang='lat' dir='ltr'><em>pariter</em></span> 
     </span>
     <span class='ocr_line' id='line_1_11' title="bbox 122 982 1364 1068; baseline -0.006 -22"><span class='ocrx_word' id='word_1_103' title='bbox 122 1000 153 1046; x_wconf 86' lang='lat' dir='ltr'><em>ct</em></span> <span class='ocrx_word' id='word_1_104' title='bbox 167 988 287 1045; x_wconf 85' lang='lat' dir='ltr'><em>Graecis</em></span> <span class='ocrx_word' id='word_1_105' title='bbox 300 987 428 1068; x_wconf 57' lang='grc' dir='ltr'><em>περ’ζωμ</em></span> <span class='ocrx_word' id='word_1_106' title='bbox 441 986 555 1044; x_wconf 88' lang='lat' dir='ltr'><em>dicitur.</em></span> <span class='ocrx_word' id='word_1_107' title='bbox 598 984 663 1041; x_wconf 90' lang='lat' dir='ltr'><em>Vox</em></span> <span class='ocrx_word' id='word_1_108' title='bbox 681 994 726 1042; x_wconf 86' lang='lat' dir='ltr'><em>est</em></span> <span class='ocrx_word' id='word_1_109' title='bbox 758 984 913 1061; x_wconf 86' lang='lat' dir='ltr'><em>apostolus,</em></span> <span class='ocrx_word' id='word_1_110' title='bbox 935 985 983 1062; x_wconf 92' lang='lat' dir='ltr'><em>qui</em></span> <span class='ocrx_word' id='word_1_111' title='bbox 1007 983 1112 1041; x_wconf 85' lang='lat' dir='ltr'><em>Mutth.</em></span> <span class='ocrx_word' id='word_1_112' title='bbox 1134 983 1173 1053; x_wconf 88' lang='lat' dir='ltr'><em>X,</em></span> <span class='ocrx_word' id='word_1_113' title='bbox 1195 988 1223 1041; x_wconf 95' lang='grc'><strong>4.</strong></span> <span class='ocrx_word' id='word_1_114' title='bbox 1268 982 1364 1040; x_wconf 86' lang='lat' dir='ltr'><em>Simon</em></span> 
     </span>
     <span class='ocr_line' id='line_1_12' title="bbox 124 1063 1363 1145; baseline -0.006 -18"><span class='ocrx_word' id='word_1_115' title='bbox 124 1069 233 1145; x_wconf 81' lang='lat' dir='ltr'><strong>origine</strong></span> <span class='ocrx_word' id='word_1_116' title='bbox 247 1068 334 1125; x_wconf 87' lang='lat' dir='ltr'><em>latina</em></span> <span class='ocrx_word' id='word_1_117' title='bbox 348 1088 385 1126; x_wconf 89' lang='lat' dir='ltr'><em>ex</em></span> <span class='ocrx_word' id='word_1_118' title='bbox 399 1067 467 1125; x_wconf 84' lang='lat' dir='ltr'><em>semi</em></span> <span class='ocrx_word' id='word_1_119' title='bbox 487 1086 521 1124; x_wconf 86' lang='lat' dir='ltr'><em>ac</em></span> <span class='ocrx_word' id='word_1_120' title='bbox 541 1065 621 1145; x_wconf 85' lang='lat' dir='ltr'><em>cingo</em></span> <span class='ocrx_word' id='word_1_121' title='bbox 642 1078 673 1123; x_wconf 89' lang='lat' dir='ltr'><em>et</em></span> <span class='ocrx_word' id='word_1_122' title='bbox 689 1065 724 1123; x_wconf 89' lang='lat' dir='ltr'><em>ab</em></span> <span class='ocrx_word' id='word_1_123' title='bbox 761 1064 914 1122; x_wconf 85' lang='lat' dir='ltr'><em>Cananiles</em></span> <span class='ocrx_word' id='word_1_124' title='bbox 928 1078 958 1123; x_wconf 90' lang='lat' dir='ltr'><em>et</em></span> <span class='ocrx_word' id='word_1_125' title='bbox 969 1066 1042 1122; x_wconf 90' lang='lat' dir='ltr'><em>Luc.</em></span> <span class='ocrx_word' id='word_1_126' title='bbox 1057 1063 1110 1136; x_wconf 90' lang='lat' dir='ltr'><em>v1,</em></span> <span class='ocrx_word' id='word_1_127' title='bbox 1122 1071 1168 1124; x_wconf 89' lang='grc'><em>15.</em></span> <span class='ocrx_word' id='word_1_128' title='bbox 1182 1076 1267 1142; x_wconf 54' lang='grc' dir='ltr'>Σίμων</span> <span class='ocrx_word' id='word_1_129' title='bbox 1278 1076 1363 1128; x_wconf 76' lang='grc'><strong>21001-</strong></span> 
     </span>
     <span class='ocr_line' id='line_1_13' title="bbox 123 1146 943 1227; baseline -0.004 -20"><span class='ocrx_word' id='word_1_130' title='bbox 123 1149 185 1207; x_wconf 88' lang='lat' dir='ltr'><em>aliis</em></span> <span class='ocrx_word' id='word_1_131' title='bbox 199 1149 235 1206; x_wconf 90' lang='lat' dir='ltr'><em>de</em></span> <span class='ocrx_word' id='word_1_132' title='bbox 248 1147 359 1227; x_wconf 87' lang='lat' dir='ltr'><em>cingulo</em></span> <span class='ocrx_word' id='word_1_133' title='bbox 373 1147 497 1217; x_wconf 88' lang='lat' dir='ltr'><em>dimidia,</em></span> <span class='ocrx_word' id='word_1_134' title='bbox 518 1146 547 1205; x_wconf 88' lang='lat' dir='ltr'><strong>h.</strong></span> <span class='ocrx_word' id='word_1_135' title='bbox 561 1166 588 1205; x_wconf 87' lang='lat' dir='ltr'><em>c.</em></span> <span class='ocrx_word' id='word_1_136' title='bbox 608 1146 725 1204; x_wconf 85' lang='lat' dir='ltr'><em>dimidia</em></span> <span class='ocrx_word' id='word_1_137' title='bbox 760 1152 802 1211; x_wconf 71' lang='grc' dir='ltr'><em>τὶς</em></span> <span class='ocrx_word' id='word_1_138' title='bbox 816 1155 943 1205; x_wconf 89' lang='lat' dir='ltr'><em>vocatur.</em></span> 
     </span>
     <span class='ocr_line' id='line_1_14' title="bbox 118 1225 1365 1310; baseline -0.003 -24"><span class='ocrx_word' id='word_1_139' title='bbox 118 1239 206 1310; x_wconf 79' lang='lat' dir='ltr'><em>parte</em></span> <span class='ocrx_word' id='word_1_140' title='bbox 218 1230 390 1308; x_wconf 83' lang='lat' dir='ltr'><em>arrguslinre,</em></span> <span class='ocrx_word' id='word_1_141' title='bbox 400 1248 483 1307; x_wconf 88' lang='lat' dir='ltr'><em>quam</em></span> <span class='ocrx_word' id='word_1_142' title='bbox 497 1225 580 1306; x_wconf 84' lang='lat' dir='ltr'><em>vulgo</em></span> <span class='ocrx_word' id='word_1_143' title='bbox 590 1247 648 1284; x_wconf 85' lang='lat' dir='ltr'><em>esse</em></span> <span class='ocrx_word' id='word_1_144' title='bbox 658 1225 727 1284; x_wconf 78' lang='lat' dir='ltr'><em>colel</em></span> <span class='ocrx_word' id='word_1_145' title='bbox 781 1232 809 1286; x_wconf 89' lang='grc'><strong>3.</strong></span> <span class='ocrx_word' id='word_1_146' title='bbox 825 1227 929 1295; x_wconf 83' lang='lat' dir='ltr'><em>Simon,</em></span> <span class='ocrx_word' id='word_1_147' title='bbox 930 1229 1036 1305; x_wconf 81' lang='lat' dir='ltr'><em>frater</em></span> <span class='ocrx_word' id='word_1_148' title='bbox 1048 1226 1154 1296; x_wconf 78' lang='lat' dir='ltr'><em>dudae,</em></span> <span class='ocrx_word' id='word_1_149' title='bbox 1163 1225 1365 1303; x_wconf 83' lang='lat' dir='ltr'><em>consanguine·</em></span> 
     </span>
     <span class='ocr_line' id='line_1_15' title="bbox 124 1305 1364 1389; baseline -0.005 -22"><span class='ocrx_word' id='word_1_150' title='bbox 124 1308 276 1389; x_wconf 80' lang='lat' dir='ltr'><em>cingulum,</em></span> <span class='ocrx_word' id='word_1_151' title='bbox 297 1312 333 1367; x_wconf 89' lang='lat' dir='ltr'><em>ab</em></span> <span class='ocrx_word' id='word_1_152' title='bbox 352 1310 413 1366; x_wconf 84' lang='lat' dir='ltr'><em>aliis</em></span> <span class='ocrx_word' id='word_1_153' title='bbox 427 1328 494 1367; x_wconf 87' lang='lat' dir='ltr'><em>vero</em></span> <span class='ocrx_word' id='word_1_154' title='bbox 519 1309 562 1389; x_wconf 84' lang='lat' dir='ltr'><strong>(v.</strong></span> <span class='ocrx_word' id='word_1_155' title='bbox 576 1327 601 1365; x_wconf 91' lang='lat' dir='ltr'><em>c.</em></span> <span class='ocrx_word' id='word_1_156' title='bbox 617 1308 726 1365; x_wconf 85' lang='lat' dir='ltr'><em>Ladon.</em></span> <span class='ocrx_word' id='word_1_157' title='bbox 761 1328 793 1364; x_wconf 88' lang='lat' dir='ltr'><em>us</em></span> <span class='ocrx_word' id='word_1_158' title='bbox 819 1306 934 1366; x_wconf 63' lang='lat' dir='ltr'><em>(fausti.</em></span> <span class='ocrx_word' id='word_1_159' title='bbox 959 1308 1066 1366; x_wconf 87' lang='lat' dir='ltr'><em>Matth.</em></span> <span class='ocrx_word' id='word_1_160' title='bbox 1089 1307 1174 1378; x_wconf 91' lang='lat' dir='ltr'>XIII,</span> <span class='ocrx_word' id='word_1_161' title='bbox 1195 1312 1244 1366; x_wconf 91' lang='grc'><strong>55.</strong></span> <span class='ocrx_word' id='word_1_162' title='bbox 1268 1305 1364 1364; x_wconf 81' lang='lat' dir='ltr'><em>Marc.</em></span> 
     </span>
     <span class='ocr_line' id='line_1_16' title="bbox 124 1387 1291 1456; baseline -0.005 -8"><span class='ocrx_word' id='word_1_163' title='bbox 124 1390 160 1448; x_wconf 83' lang='lat' dir='ltr'><em>de</em></span> <span class='ocrx_word' id='word_1_164' title='bbox 191 1390 268 1448; x_wconf 82' lang='lat' dir='ltr'><em>Dieu</em></span> <span class='ocrx_word' id='word_1_165' title='bbox 295 1390 325 1447; x_wconf 92' lang='lat' dir='ltr'><em>in</em></span> <span class='ocrx_word' id='word_1_166' title='bbox 356 1391 463 1449; x_wconf 84' lang='lat' dir='ltr'><em>Critica</em></span> <span class='ocrx_word' id='word_1_167' title='bbox 485 1388 573 1447; x_wconf 82' lang='lat' dir='ltr'><em>Sacra</em></span> <span class='ocrx_word' id='word_1_168' title='bbox 592 1387 629 1446; x_wconf 81' lang='lat' dir='ltr'><em>ad</em></span> <span class='ocrx_word' id='word_1_169' title='bbox 658 1391 727 1446; x_wconf 87' lang='lat' dir='ltr'><em>Act.</em></span> <span class='ocrx_word' id='word_1_170' title='bbox 763 1388 815 1456; x_wconf 90' lang='lat' dir='ltr'>VI,</span> <span class='ocrx_word' id='word_1_171' title='bbox 831 1393 858 1445; x_wconf 93' lang='grc'><strong>3.</strong></span> <span class='ocrx_word' id='word_1_172' title='bbox 1288 1396 1291 1403; x_wconf 94' lang='grc'><strong>’</strong></span> 
     </span>
     <span class='ocr_line' id='line_1_17' title="bbox 125 1464 1363 1550; baseline -0.002 -22"><span class='ocrx_word' id='word_1_173' title='bbox 125 1471 144 1529; x_wconf 91' lang='lat' dir='ltr'><em>l.</em></span> <span class='ocrx_word' id='word_1_174' title='bbox 158 1469 194 1549; x_wconf 90' lang='grc'><em>1.)</em></span> <span class='ocrx_word' id='word_1_175' title='bbox 223 1470 260 1529; x_wconf 89' lang='lat' dir='ltr'><em>de</em></span> <span class='ocrx_word' id='word_1_176' title='bbox 286 1464 397 1550; x_wconf 85' lang='lat' dir='ltr'><em>cingulo</em></span> <span class='ocrx_word' id='word_1_177' title='bbox 421 1471 590 1547; x_wconf 87' lang='lat' dir='ltr'><em>explicatur,</em></span> <span class='ocrx_word' id='word_1_178' title='bbox 610 1470 684 1547; x_wconf 88' lang='lat' dir='ltr'><em>quod</em></span> <span class='ocrx_word' id='word_1_179' title='bbox 696 1468 727 1526; x_wconf 89' lang='lat' dir='ltr'><em>in</em></span> <span class='ocrx_word' id='word_1_180' title='bbox 782 1474 812 1527; x_wconf 89' lang='grc'><strong>4.</strong></span> <span class='ocrx_word' id='word_1_181' title='bbox 842 1469 949 1539; x_wconf 84' lang='lat' dir='ltr'><em>Simon,</em></span> <span class='ocrx_word' id='word_1_182' title='bbox 974 1465 1097 1548; x_wconf 82' lang='lat' dir='ltr'><em>leprosus</em></span> <span class='ocrx_word' id='word_1_183' title='bbox 1128 1468 1251 1547; x_wconf 83' lang='lat' dir='ltr'><em>quidam,</em></span> <span class='ocrx_word' id='word_1_184' title='bbox 1282 1469 1363 1545; x_wconf 85' lang='lat' dir='ltr'><em>cujus</em></span> 
     </span>
     <span class='ocr_line' id='line_1_18' title="bbox 45 1549 1198 1631; baseline 0.002 -23"><span class='ocrx_word' id='word_1_185' title='bbox 45 1556 49 1563; x_wconf 82' lang='grc'><em>’</em></span> <span class='ocrx_word' id='word_1_186' title='bbox 125 1551 216 1608; x_wconf 86' lang='lat' dir='ltr'><em>media</em></span> <span class='ocrx_word' id='word_1_187' title='bbox 243 1552 367 1631; x_wconf 86' lang='lat' dir='ltr'><em>corporis</em></span> <span class='ocrx_word' id='word_1_188' title='bbox 386 1562 471 1629; x_wconf 80' lang='lat' dir='ltr'><em>parte</em></span> <span class='ocrx_word' id='word_1_189' title='bbox 498 1551 617 1608; x_wconf 84' lang='lat' dir='ltr'><em>medium</em></span> <span class='ocrx_word' id='word_1_190' title='bbox 645 1550 727 1608; x_wconf 76' lang='lat' dir='ltr'><em>vestis</em></span> <span class='ocrx_word' id='word_1_191' title='bbox 763 1549 871 1607; x_wconf 88' lang='lat' dir='ltr'><em>mentio</em></span> <span class='ocrx_word' id='word_1_192' title='bbox 884 1550 917 1608; x_wconf 87' lang='lat' dir='ltr'><em>lit</em></span> <span class='ocrx_word' id='word_1_193' title='bbox 932 1551 1038 1609; x_wconf 87' lang='lat' dir='ltr'><em>Matth.</em></span> <span class='ocrx_word' id='word_1_194' title='bbox 1054 1550 1198 1618; x_wconf 88' lang='lat' dir='ltr'>XXVI,6</span> 
     </span>
     <span class='ocr_line' id='line_1_19' title="bbox 125 1628 1367 1710; baseline -0.001 -22"><span class='ocrx_word' id='word_1_195' title='bbox 125 1633 215 1708; x_wconf 9' lang='lat' dir='ltr'><em>necin*</em></span> <span class='ocrx_word' id='word_1_196' title='bbox 230 1631 270 1702; x_wconf 83' lang='lat' dir='ltr'><em>&#39;t,·</em></span> <span class='ocrx_word' id='word_1_197' title='bbox 296 1631 373 1710; x_wconf 92' lang='lat' dir='ltr'><em>quod</em></span> <span class='ocrx_word' id='word_1_198' title='bbox 394 1632 514 1689; x_wconf 83' lang='lat' dir='ltr'><em>Graecis</em></span> <span class='ocrx_word' id='word_1_199' title='bbox 534 1630 602 1688; x_wconf 87' lang='lat' dir='ltr'><em>alias</em></span> <span class='ocrx_word' id='word_1_200' title='bbox 623 1630 729 1689; x_wconf 87' lang='lat' dir='ltr'><em>dicitur</em></span> <span class='ocrx_word' id='word_1_201' title='bbox 783 1635 812 1691; x_wconf 83' lang='grc'><strong>’5.</strong></span> <span class='ocrx_word' id='word_1_202' title='bbox 828 1632 921 1689; x_wconf 81' lang='lat' dir='ltr'><em>Simon</em></span> <span class='ocrx_word' id='word_1_203' title='bbox 940 1633 1109 1710; x_wconf 75' lang='lat' dir='ltr'><em>Cyrenaeus,</em></span> <span class='ocrx_word' id='word_1_204' title='bbox 1119 1630 1263 1707; x_wconf 83' lang='lat' dir='ltr'><em>bajulator</em></span> <span class='ocrx_word' id='word_1_205' title='bbox 1273 1628 1367 1688; x_wconf 89' lang='lat' dir='ltr'><em>crucis</em></span> 
     </span>
     <span class='ocr_line' id='line_1_20' title="bbox 125 1711 1230 1790; baseline -0.003 -20"><span class='ocrx_word' id='word_1_206' title='bbox 125 1730 205 1770; x_wconf 71' lang='lat' dir='ltr'><em>noina</em></span> <span class='ocrx_word' id='word_1_207' title='bbox 222 1738 301 1782; x_wconf 74' lang='lat' dir='ltr'><em>sauss,</em></span> <span class='ocrx_word' id='word_1_208' title='bbox 316 1712 382 1790; x_wconf 86' lang='lat' dir='ltr'><em>quia</em></span> <span class='ocrx_word' id='word_1_209' title='bbox 396 1725 496 1770; x_wconf 87' lang='lat' dir='ltr'><em>venter</em></span> <span class='ocrx_word' id='word_1_210' title='bbox 510 1732 545 1769; x_wconf 88' lang='lat' dir='ltr'><em>eo</em></span> <span class='ocrx_word' id='word_1_211' title='bbox 565 1712 643 1789; x_wconf 81' lang='lat' dir='ltr'><em>quasi</em></span> <span class='ocrx_word' id='word_1_212' title='bbox 658 1712 727 1788; x_wconf 85' lang='lat' dir='ltr'><em>liga·</em></span> <span class='ocrx_word' id='word_1_213' title='bbox 765 1711 880 1770; x_wconf 86' lang='lat' dir='ltr'><em>Christi.</em></span> <span class='ocrx_word' id='word_1_214' title='bbox 921 1712 1027 1770; x_wconf 88' lang='lat' dir='ltr'><em>Matth.</em></span> <span class='ocrx_word' id='word_1_215' title='bbox 1042 1711 1167 1778; x_wconf 88' lang='lat' dir='ltr'>XXVII,</span> <span class='ocrx_word' id='word_1_216' title='bbox 1184 1715 1230 1770; x_wconf 73' lang='lat'><em>82.</em></span> 
     </span>
     <span class='ocr_line' id='line_1_21' title="bbox 127 1791 1366 1873; baseline -0.002 -23"><span class='ocrx_word' id='word_1_217' title='bbox 127 1796 175 1851; x_wconf 84' lang='lat' dir='ltr'><em>&#39;tur</em></span> <span class='ocrx_word' id='word_1_218' title='bbox 188 1805 218 1851; x_wconf 85' lang='lat' dir='ltr'><em>et</em></span> <span class='ocrx_word' id='word_1_219' title='bbox 231 1792 382 1851; x_wconf 86' lang='lat' dir='ltr'><em>fibularum</em></span> <span class='ocrx_word' id='word_1_220' title='bbox 396 1812 450 1870; x_wconf 88' lang='lat' dir='ltr'><em>ope</em></span> <span class='ocrx_word' id='word_1_221' title='bbox 466 1792 681 1867; x_wconf 81' lang='lat' dir='ltr'><em>constringitur,</em></span> <span class='ocrx_word' id='word_1_222' title='bbox 698 1801 729 1849; x_wconf 88' lang='lat' dir='ltr'><em>et</em></span> <span class='ocrx_word' id='word_1_223' title='bbox 784 1798 813 1851; x_wconf 93' lang='lat'><em>6.</em></span> <span class='ocrx_word' id='word_1_224' title='bbox 843 1793 947 1863; x_wconf 84' lang='lat' dir='ltr'><em>Simon,</em></span> <span class='ocrx_word' id='word_1_225' title='bbox 967 1803 1053 1873; x_wconf 76' lang='lat' dir='ltr'><em>puter</em></span> <span class='ocrx_word' id='word_1_226' title='bbox 1078 1793 1174 1850; x_wconf 80' lang='lat' dir='ltr'><em>dudae</em></span> <span class='ocrx_word' id='word_1_227' title='bbox 1199 1791 1366 1860; x_wconf 82' lang='lat' dir='ltr'><em>Iscariotae,</em></span> 
     </span>
     <span class='ocr_line' id='line_1_22' title="bbox 126 1871 1366 1950; baseline -0.001 -19"><span class='ocrx_word' id='word_1_228' title='bbox 126 1873 163 1932; x_wconf 92' lang='lat' dir='ltr'><em>de</em></span> <span class='ocrx_word' id='word_1_229' title='bbox 179 1893 237 1950; x_wconf 90' lang='lat' dir='ltr'><em>quo</em></span> <span class='ocrx_word' id='word_1_230' title='bbox 251 1874 398 1931; x_wconf 83' lang='lat' dir='ltr'><em>Braunius</em></span> <span class='ocrx_word' id='word_1_231' title='bbox 407 1872 443 1930; x_wconf 89' lang='lat' dir='ltr'><em>de</em></span> <span class='ocrx_word' id='word_1_232' title='bbox 455 1872 568 1930; x_wconf 86' lang='lat' dir='ltr'><em>Vestitu</em></span> <span class='ocrx_word' id='word_1_233' title='bbox 581 1872 729 1929; x_wconf 74' lang='lat' dir='ltr'><em>Sacerdos.</em></span> <span class='ocrx_word' id='word_1_234' title='bbox 763 1873 832 1931; x_wconf 89' lang='lat' dir='ltr'><strong>Joh.</strong></span> <span class='ocrx_word' id='word_1_235' title='bbox 855 1873 906 1940; x_wconf 92' lang='lat' dir='ltr'>VI,</span> <span class='ocrx_word' id='word_1_236' title='bbox 929 1879 976 1935; x_wconf 84' lang='grc'><em>71.</em></span> <span class='ocrx_word' id='word_1_237' title='bbox 997 1873 1065 1942; x_wconf 91' lang='lat' dir='ltr'>XII,</span> <span class='ocrx_word' id='word_1_238' title='bbox 1087 1878 1115 1931; x_wconf 89' lang='grc'><strong>4.</strong></span> <span class='ocrx_word' id='word_1_239' title='bbox 1136 1871 1229 1938; x_wconf 63' lang='grc' dir='ltr'><em>Ἰούδας</em></span> <span class='ocrx_word' id='word_1_240' title='bbox 1246 1879 1366 1945; x_wconf 70' lang='grc' dir='ltr'><em>Σίμωνος,</em></span> 
     </span>
     <span class='ocr_line' id='line_1_23' title="bbox 128 1951 1341 2036; baseline -0.002 -25"><span class='ocrx_word' id='word_1_241' title='bbox 128 1953 275 2023; x_wconf 58' lang='grc'><strong>11011011,</strong></span> <span class='ocrx_word' id='word_1_242' title='bbox 293 1973 319 2010; x_wconf 88' lang='lat' dir='ltr'><em>c.</em></span> <span class='ocrx_word' id='word_1_243' title='bbox 334 1959 361 2028; x_wconf 85' lang='lat'><strong>3.</strong></span> <span class='ocrx_word' id='word_1_244' title='bbox 375 1974 403 2030; x_wconf 91' lang='lat' dir='ltr'><em>p.</em></span> <span class='ocrx_word' id='word_1_245' title='bbox 425 1958 491 2011; x_wconf 84' lang='lat'><strong>386.</strong></span> <span class='ocrx_word' id='word_1_246' title='bbox 507 1964 550 2010; x_wconf 90' lang='lat' dir='ltr'><em>est</em></span> <span class='ocrx_word' id='word_1_247' title='bbox 571 1952 728 2010; x_wconf 83' lang='lat' dir='ltr'><em>adeundus.</em></span> <span class='ocrx_word' id='word_1_248' title='bbox 767 1954 824 2034; x_wconf 84' lang='lat' dir='ltr'><em>(sc.</em></span> <span class='ocrx_word' id='word_1_249' title='bbox 838 1956 903 2034; x_wconf 64' lang='lat' dir='ltr'><em>anic)</em></span> <span class='ocrx_word' id='word_1_250' title='bbox 920 1955 1087 2036; x_wconf 64' lang='lat' dir='ltr'><em>&#39;imaginis-se.</em></span> <span class='ocrx_word' id='word_1_251' title='bbox 1108 1954 1175 2011; x_wconf 87' lang='lat' dir='ltr'><em>ibid.</em></span> <span class='ocrx_word' id='word_1_252' title='bbox 1191 1951 1277 2022; x_wconf 91' lang='lat' dir='ltr'>XIII,</span> <span class='ocrx_word' id='word_1_253' title='bbox 1291 1957 1341 2011; x_wconf 76' lang='lat'><strong>⁶26.</strong></span> 
     </span>
     <span class='ocr_line' id='line_1_24' title="bbox 128 2032 1367 2114; baseline 0 -24"><span class='ocrx_word' id='word_1_254' title='bbox 128 2033 253 2091; x_wconf 85' lang='lat' dir='ltr'><em>Tantum</em></span> <span class='ocrx_word' id='word_1_255' title='bbox 275 2033 380 2110; x_wconf 86' lang='lat' dir='ltr'><em>legitur</em></span> <span class='ocrx_word' id='word_1_256' title='bbox 401 2034 429 2089; x_wconf 88' lang='lat' dir='ltr'><em>ia</em></span> <span class='ocrx_word' id='word_1_257' title='bbox 452 2032 727 2102; x_wconf 56' lang='grc'><strong>0111111111,</strong></span> <span class='ocrx_word' id='word_1_258' title='bbox 784 2039 812 2096; x_wconf 86' lang='lat'><strong>7.</strong></span> <span class='ocrx_word' id='word_1_259' title='bbox 829 2035 935 2105; x_wconf 86' lang='lat' dir='ltr'><em>Simon,</em></span> <span class='ocrx_word' id='word_1_260' title='bbox 945 2035 1112 2113; x_wconf 75' lang='lat' dir='ltr'><em>pharisaeus</em></span> <span class='ocrx_word' id='word_1_261' title='bbox 1128 2035 1251 2114; x_wconf 87' lang='lat' dir='ltr'><em>quidam.</em></span> <span class='ocrx_word' id='word_1_262' title='bbox 1293 2033 1367 2090; x_wconf 93' lang='lat' dir='ltr'><em>Luc.</em></span> 
     </span>
     <span class='ocr_line' id='line_1_25' title="bbox 130 2112 1023 2195; baseline 0.002 -23"><span class='ocrx_word' id='word_1_263' title='bbox 130 2115 177 2172; x_wconf 75' lang='lat'><em>12·</em></span> <span class='ocrx_word' id='word_1_264' title='bbox 204 2112 324 2195; x_wconf 55' lang='lat' dir='ltr'><em>aielricus</em></span> <span class='ocrx_word' id='word_1_265' title='bbox 351 2142 363 2176; x_wconf 82' lang='lat' dir='ltr'><em>rs</em></span> <span class='ocrx_word' id='word_1_266' title='bbox 391 2119 533 2189; x_wconf 58' lang='lat' dir='ltr'><em>nummisma,</em></span> <span class='ocrx_word' id='word_1_267' title='bbox 562 2114 609 2172; x_wconf 84' lang='lat' dir='ltr'><em>ubl</em></span> <span class='ocrx_word' id='word_1_268' title='bbox 639 2116 728 2193; x_wconf 71' lang='lat' dir='ltr'><em>Syrus</em></span> <span class='ocrx_word' id='word_1_269' title='bbox 766 2114 833 2185; x_wconf 88' lang='lat' dir='ltr'><em>Vll,</em></span> <span class='ocrx_word' id='word_1_270' title='bbox 848 2120 896 2174; x_wconf 70' lang='lat'><strong>40.</strong></span> <span class='ocrx_word' id='word_1_271' title='bbox 911 2121 1023 2174; x_wconf 59' lang='lat' dir='ltr'><em>ema,</em></span> 
     </span>
     <span class='ocr_line' id='line_1_26' title="bbox 127 2193 1368 2276; baseline 0.004 -28"><span class='ocrx_word' id='word_1_272' title='bbox 127 2212 199 2250; x_wconf 90' lang='lat' dir='ltr'><em>voce</em></span> <span class='ocrx_word' id='word_1_273' title='bbox 221 2193 307 2276; x_wconf 53' lang='lat' dir='ltr'><em>imp</em></span> <span class='ocrx_word' id='word_1_274' title='bbox 331 2213 397 2251; x_wconf 87' lang='lat' dir='ltr'><em>usus</em></span> <span class='ocrx_word' id='word_1_275' title='bbox 418 2206 472 2264; x_wconf 87' lang='lat' dir='ltr'><em>est,</em></span> <span class='ocrx_word' id='word_1_276' title='bbox 494 2214 566 2273; x_wconf 87' lang='lat' dir='ltr'><em>quae</em></span> <span class='ocrx_word' id='word_1_277' title='bbox 587 2194 729 2271; x_wconf 85' lang='lat' dir='ltr'><em>significat</em></span> <span class='ocrx_word' id='word_1_278' title='bbox 785 2202 813 2253; x_wconf 90' lang='grc'><strong>8.</strong></span> <span class='ocrx_word' id='word_1_279' title='bbox 830 2196 933 2266; x_wconf 83' lang='lat' dir='ltr'><em>Simon,</em></span> <span class='ocrx_word' id='word_1_280' title='bbox 946 2196 1084 2256; x_wconf 84' lang='lat' dir='ltr'><em>coriarius</em></span> <span class='ocrx_word' id='word_1_281' title='bbox 1097 2197 1261 2266; x_wconf 80' lang='lat' dir='ltr'><em>Caesareae,</em></span> <span class='ocrx_word' id='word_1_282' title='bbox 1275 2195 1304 2253; x_wconf 90' lang='lat' dir='ltr'><em>iu</em></span> <span class='ocrx_word' id='word_1_283' title='bbox 1317 2214 1368 2253; x_wconf 83' lang='lat' dir='ltr'><em>cu·</em></span> 
     </span>
     <span class='ocr_line' id='line_1_27' title="bbox 126 2271 1367 2354; baseline 0.002 -23"><span class='ocrx_word' id='word_1_284' title='bbox 126 2271 256 2344; x_wconf 85' lang='lat' dir='ltr'><em>lacinias,</em></span> <span class='ocrx_word' id='word_1_285' title='bbox 277 2294 329 2333; x_wconf 87' lang='lat' dir='ltr'><em>seu</em></span> <span class='ocrx_word' id='word_1_286' title='bbox 352 2283 488 2333; x_wconf 80' lang='lat' dir='ltr'><em>exiremus</em></span> <span class='ocrx_word' id='word_1_287' title='bbox 515 2277 544 2333; x_wconf 90' lang='lat' dir='ltr'><em>in</em></span> <span class='ocrx_word' id='word_1_288' title='bbox 569 2277 728 2335; x_wconf 78' lang='lat' dir='ltr'><em>vestimento</em></span> <span class='ocrx_word' id='word_1_289' title='bbox 761 2279 808 2354; x_wconf 86' lang='lat' dir='ltr'><em>jus</em></span> <span class='ocrx_word' id='word_1_290' title='bbox 823 2277 940 2335; x_wconf 87' lang='lat' dir='ltr'><em>aedibus</em></span> <span class='ocrx_word' id='word_1_291' title='bbox 953 2277 1149 2336; x_wconf 84' lang='lat' dir='ltr'><em>diversabatur</em></span> <span class='ocrx_word' id='word_1_292' title='bbox 1163 2277 1275 2335; x_wconf 83' lang='lat' dir='ltr'><em>Petrus.</em></span> <span class='ocrx_word' id='word_1_293' title='bbox 1297 2277 1367 2334; x_wconf 80' lang='lat' dir='ltr'><em>Act.</em></span> 
     </span>
     <span class='ocr_line' id='line_1_28' title="bbox 121 2357 866 2436; baseline 0.004 -23"><span class='ocrx_word' id='word_1_294' title='bbox 121 2363 221 2434; x_wconf 85' lang='lat' dir='ltr'><em>parles</em></span> <span class='ocrx_word' id='word_1_295' title='bbox 234 2358 346 2435; x_wconf 84' lang='lat' dir='ltr'><em>ejusque</em></span> <span class='ocrx_word' id='word_1_296' title='bbox 358 2366 498 2436; x_wconf 82' lang='lat' dir='ltr'><em>segmenta</em></span> <span class='ocrx_word' id='word_1_297' title='bbox 510 2357 655 2435; x_wconf 84' lang='lat' dir='ltr'><em>quaedam,</em></span> <span class='ocrx_word' id='word_1_298' title='bbox 669 2377 729 2415; x_wconf 85' lang='lat' dir='ltr'><em>nes·</em></span> <span class='ocrx_word' id='word_1_299' title='bbox 765 2357 802 2423; x_wconf 90' lang='lat' dir='ltr'>X,</span> <span class='ocrx_word' id='word_1_300' title='bbox 818 2362 866 2416; x_wconf 75' lang='grc'><strong>33.</strong></span> 
     </span>
     <span class='ocr_line' id='line_1_29' title="bbox 128 2435 1367 2518; baseline 0.001 -25"><span class='ocrx_word' id='word_1_301' title='bbox 128 2444 181 2494; x_wconf 78' lang='lat' dir='ltr'><em>iem</em></span> <span class='ocrx_word' id='word_1_302' title='bbox 202 2435 367 2508; x_wconf 80' lang='lat' dir='ltr'><em>dividentia,</em></span> <span class='ocrx_word' id='word_1_303' title='bbox 383 2457 500 2516; x_wconf 85' lang='lat' dir='ltr'><em>quorum</em></span> <span class='ocrx_word' id='word_1_304' title='bbox 521 2437 551 2495; x_wconf 87' lang='lat' dir='ltr'><em>ia</em></span> <span class='ocrx_word' id='word_1_305' title='bbox 565 2438 667 2495; x_wconf 82' lang='lat' dir='ltr'><em>sudore</em></span> <span class='ocrx_word' id='word_1_306' title='bbox 679 2436 729 2495; x_wconf 84' lang='lat' dir='ltr'><em>al·</em></span> <span class='ocrx_word' id='word_1_307' title='bbox 785 2444 814 2498; x_wconf 91' lang='lat'><em>9.</em></span> <span class='ocrx_word' id='word_1_308' title='bbox 830 2439 924 2498; x_wconf 85' lang='lat' dir='ltr'><em>Simon</em></span> <span class='ocrx_word' id='word_1_309' title='bbox 940 2441 1057 2518; x_wconf 85' lang='lat' dir='ltr'><em>Magus.</em></span> <span class='ocrx_word' id='word_1_310' title='bbox 1100 2442 1167 2497; x_wconf 87' lang='lat' dir='ltr'><em>Act.</em></span> <span class='ocrx_word' id='word_1_311' title='bbox 1183 2437 1266 2512; x_wconf 90' lang='lat' dir='ltr'>VIII,</span> <span class='ocrx_word' id='word_1_312' title='bbox 1286 2444 1314 2497; x_wconf 87' lang='lat'><em>9.</em></span> <span class='ocrx_word' id='word_1_313' title='bbox 1332 2442 1367 2494; x_wconf 84' lang='grc'><em>13</em></span> 
     </span>
     <span class='ocr_line' id='line_1_30' title="bbox 96 2517 1367 2598; baseline 0.001 -24"><span class='ocrx_word' id='word_1_314' title='bbox 96 2517 283 2597; x_wconf 82' lang='lat' dir='ltr'><em>·slergendo,</em></span> <span class='ocrx_word' id='word_1_315' title='bbox 298 2527 446 2577; x_wconf 76' lang='lat' dir='ltr'><em>uincerat.</em></span> <span class='ocrx_word' id='word_1_316' title='bbox 487 2519 610 2598; x_wconf 76' lang='lat' dir='ltr'><em>Harpali.</em></span> <span class='ocrx_word' id='word_1_317' title='bbox 625 2524 730 2595; x_wconf 75' lang='grc' dir='ltr'><em>σιμιιιί·</em></span> <span class='ocrx_word' id='word_1_318' title='bbox 764 2539 824 2597; x_wconf 89' lang='lat' dir='ltr'><em>seq.</em></span> <span class='ocrx_word' id='word_1_319' title='bbox 848 2520 885 2577; x_wconf 92' lang='lat' dir='ltr'><em>de</em></span> <span class='ocrx_word' id='word_1_320' title='bbox 913 2540 969 2597; x_wconf 91' lang='lat' dir='ltr'><em>quo</em></span> <span class='ocrx_word' id='word_1_321' title='bbox 998 2521 1054 2597; x_wconf 87' lang='lat' dir='ltr'><em>legi</em></span> <span class='ocrx_word' id='word_1_322' title='bbox 1082 2532 1208 2578; x_wconf 87' lang='lat' dir='ltr'><em>meretur</em></span> <span class='ocrx_word' id='word_1_323' title='bbox 1227 2520 1261 2577; x_wconf 88' lang='lat' dir='ltr'><strong>.l.</strong></span> <span class='ocrx_word' id='word_1_324' title='bbox 1275 2521 1367 2577; x_wconf 87' lang='lat' dir='ltr'><em>Laar.</em></span> 
     </span>
     <span class='ocr_line' id='line_1_31' title="bbox 128 2600 1366 2681; baseline -0.001 -24"><span class='ocrx_word' id='word_1_325' title='bbox 128 2608 177 2657; x_wconf 72' lang='lat' dir='ltr'><em>esa·</em></span> <span class='ocrx_word' id='word_1_326' title='bbox 192 2601 326 2670; x_wconf 69' lang='grc' dir='ltr'><em>φακιὸλιι,</em></span> <span class='ocrx_word' id='word_1_327' title='bbox 340 2600 457 2680; x_wconf 59' lang='grc' dir='ltr'><em>ξυνάμα,</em></span> <span class='ocrx_word' id='word_1_328' title='bbox 480 2603 574 2681; x_wconf 57' lang='lat' dir='ltr'><em>dedere</em></span> <span class='ocrx_word' id='word_1_329' title='bbox 587 2605 633 2658; x_wconf 72' lang='lat' dir='ltr'><em>mir</em></span> <span class='ocrx_word' id='word_1_330' title='bbox 646 2603 728 2680; x_wconf 67' lang='lat' dir='ltr'><em>ligius.</em></span> <span class='ocrx_word' id='word_1_331' title='bbox 764 2600 916 2659; x_wconf 77' lang='lat' dir='ltr'><em>Mosltemlt&#39;</em></span> <span class='ocrx_word' id='word_1_332' title='bbox 933 2602 1006 2658; x_wconf 75' lang='lat' dir='ltr'><em>Dies.</em></span> <span class='ocrx_word' id='word_1_333' title='bbox 1021 2601 1124 2659; x_wconf 77' lang='lat' dir='ltr'><em>(leuno</em></span> <span class='ocrx_word' id='word_1_334' title='bbox 1135 2601 1251 2660; x_wconf 80' lang='lat' dir='ltr'><em>Simone</em></span> <span class='ocrx_word' id='word_1_335' title='bbox 1265 2600 1366 2676; x_wconf 81' lang='lat' dir='ltr'><em>Mago.</em></span> 
     </span>
     <span class='ocr_line' id='line_1_32' title="bbox 131 2678 1369 2762; baseline 0.001 -25"><span class='ocrx_word' id='word_1_336' title='bbox 131 2679 210 2737; x_wconf 88' lang='lat' dir='ltr'><em>Suid.</em></span> <span class='ocrx_word' id='word_1_337' title='bbox 235 2684 384 2755; x_wconf 67' lang='lat' dir='ltr'><em>espim&#39;rlret·</em></span> <span class='ocrx_word' id='word_1_338' title='bbox 412 2683 531 2750; x_wconf 69' lang='grc' dir='ltr'><strong><em>Φωόλον</em></strong></span> <span class='ocrx_word' id='word_1_339' title='bbox 558 2679 571 2744; x_wconf 78' lang='lat' dir='ltr'><em>ii</em></span> <span class='ocrx_word' id='word_1_340' title='bbox 595 2678 728 2762; x_wconf 64' lang='lat' dir='ltr'><em>ceuleimen.</em></span> <span class='ocrx_word' id='word_1_341' title='bbox 766 2682 992 2743; x_wconf 76' lang='lat' dir='ltr'><em>Helmst.1734.</em></span> <span class='ocrx_word' id='word_1_342' title='bbox 1012 2691 1041 2741; x_wconf 82' lang='lat'><strong>4.</strong></span> <span class='ocrx_word' id='word_1_343' title='bbox 1064 2695 1093 2740; x_wconf 83' lang='lat' dir='ltr'><em>et</em></span> <span class='ocrx_word' id='word_1_344' title='bbox 1116 2682 1144 2738; x_wconf 83' lang='lat' dir='ltr'><em>ln</em></span> <span class='ocrx_word' id='word_1_345' title='bbox 1167 2682 1212 2758; x_wconf 81' lang='lat' dir='ltr'><strong>Ej.</strong></span> <span class='ocrx_word' id='word_1_346' title='bbox 1232 2680 1309 2739; x_wconf 80' lang='lat' dir='ltr'><em>Dlss.</em></span> <span class='ocrx_word' id='word_1_347' title='bbox 1331 2679 1369 2738; x_wconf 72' lang='lat' dir='ltr'><em>ad</em></span> 
     </span>
     <span class='ocr_line' id='line_1_33' title="bbox 128 2759 1369 2843; baseline -0.002 -24"><span class='ocrx_word' id='word_1_348' title='bbox 128 2768 563 2832; x_wconf 65' lang='lat' dir='ltr'><em>aadsussautemciaieusoauie</em></span> <span class='ocrx_word' id='word_1_349' title='bbox 574 2779 728 2843; x_wconf 62' lang='lat' dir='ltr'><em>engrannus,</em></span> <span class='ocrx_word' id='word_1_350' title='bbox 768 2762 843 2819; x_wconf 88' lang='lat' dir='ltr'><em>Hist.</em></span> <span class='ocrx_word' id='word_1_351' title='bbox 860 2762 969 2821; x_wconf 86' lang='lat' dir='ltr'><em>Eccles.</em></span> <span class='ocrx_word' id='word_1_352' title='bbox 983 2762 1201 2840; x_wconf 85' lang='lat' dir='ltr'><em>pertinentibus.</em></span> <span class='ocrx_word' id='word_1_353' title='bbox 1242 2761 1308 2818; x_wconf 93' lang='lat' dir='ltr'><em>Vol.</em></span> <span class='ocrx_word' id='word_1_354' title='bbox 1328 2759 1369 2819; x_wconf 85' lang='lat' dir='ltr'><em>il.</em></span> 
     </span>
     <span class='ocr_line' id='line_1_34' title="bbox 127 2839 916 2925; baseline 0.003 -27"><span class='ocrx_word' id='word_1_355' title='bbox 127 2839 216 2920; x_wconf 68' lang='lat' dir='ltr'><em>&#39;laag’</em></span> <span class='ocrx_word' id='word_1_356' title='bbox 236 2841 513 2923; x_wconf 62' lang='lat' dir='ltr'><em>&#39;Alusaauxgdssoum</em></span> <span class='ocrx_word' id='word_1_357' title='bbox 534 2847 606 2925; x_wconf 66' lang='lat' dir='ltr'><em>rugel</em></span> <span class='ocrx_word' id='word_1_358' title='bbox 620 2840 645 2901; x_wconf 73' lang='lat' dir='ltr'><em>ll</em></span> <span class='ocrx_word' id='word_1_359' title='bbox 668 2844 729 2924; x_wconf 67' lang='lat' dir='ltr'><em>ssig·</em></span> <span class='ocrx_word' id='word_1_360' title='bbox 764 2864 791 2921; x_wconf 86' lang='lat' dir='ltr'><em>p.</em></span> <span class='ocrx_word' id='word_1_361' title='bbox 806 2849 847 2903; x_wconf 82' lang='lat'><em>60</em></span> <span class='ocrx_word' id='word_1_362' title='bbox 856 2862 916 2921; x_wconf 78' lang='lat' dir='ltr'><strong>seq.</strong></span> 
     </span>
     <span class='ocr_line' id='line_1_35' title="bbox 128 2920 1366 3001; baseline 0 -23"><span class='ocrx_word' id='word_1_363' title='bbox 128 2948 183 2986; x_wconf 68' lang='lat' dir='ltr'><em>aas,</em></span> <span class='ocrx_word' id='word_1_364' title='bbox 208 2920 307 3001; x_wconf 72' lang='lat' dir='ltr'><em>iildgm</em></span> <span class='ocrx_word' id='word_1_365' title='bbox 326 2932 453 2992; x_wconf 66' lang='grc' dir='ltr'><em>καλεῖται,</em></span> <span class='ocrx_word' id='word_1_366' title='bbox 474 2942 536 2980; x_wconf 86' lang='lat' dir='ltr'><em>csse</em></span> <span class='ocrx_word' id='word_1_367' title='bbox 550 2922 625 2981; x_wconf 86' lang='lat' dir='ltr'><em>idem</em></span> <span class='ocrx_word' id='word_1_368' title='bbox 641 2934 729 2981; x_wconf 81' lang='lat' dir='ltr'><em>testa·</em></span> <span class='ocrx_word' id='word_1_369' title='bbox 806 2921 905 2994; x_wconf 69' lang='lat' dir='ltr'>EINX,</span> <span class='ocrx_word' id='word_1_370' title='bbox 927 2929 948 2993; x_wconf 77' lang='lat' dir='ltr'><em>l,</em></span> <span class='ocrx_word' id='word_1_371' title='bbox 973 2925 1051 2982; x_wconf 85' lang='lat' dir='ltr'><em>Sina.</em></span> <span class='ocrx_word' id='word_1_372' title='bbox 1094 2925 1146 2982; x_wconf 89' lang='lat' dir='ltr'><em>Est</em></span> <span class='ocrx_word' id='word_1_373' title='bbox 1167 2942 1271 2981; x_wconf 90' lang='lat' dir='ltr'><em>nomen</em></span> <span class='ocrx_word' id='word_1_374' title='bbox 1286 2921 1366 2978; x_wconf 86' lang='lat' dir='ltr'><em>inde-</em></span> 
     </span>
    </p>
   </div>
   <div class='ocr_carea' id='block_1_3' title="bbox 11 2992 1367 3077">
    <p class='ocr_par' dir='ltr' id='par_1_3' title="bbox 11 2992 1367 3077">
     <span class='ocr_line' id='line_1_36' title="bbox 11 2992 1367 3077; baseline 0.003 -21"><span class='ocrx_word' id='word_1_375' title='bbox 11 3042 14 3050; x_wconf 92' lang='lat'><strong>.</strong></span> <span class='ocrx_word' id='word_1_376' title='bbox 130 3012 185 3058; x_wconf 87' lang='lat' dir='ltr'><em>tur.</em></span> <span class='ocrx_word' id='word_1_377' title='bbox 227 3001 310 3058; x_wconf 89' lang='lat' dir='ltr'><em>Conf.</em></span> <span class='ocrx_word' id='word_1_378' title='bbox 340 3001 432 3077; x_wconf 78' lang='lat' dir='ltr'><em>Wolfii</em></span> <span class='ocrx_word' id='word_1_379' title='bbox 454 3003 545 3060; x_wconf 87' lang='lat' dir='ltr'><em>Curas</em></span> <span class='ocrx_word' id='word_1_380' title='bbox 575 3003 727 3061; x_wconf 79' lang='lat' dir='ltr'><em>Philotis</em></span> <span class='ocrx_word' id='word_1_381' title='bbox 764 2992 1030 3073; x_wconf 81' lang='lat' dir='ltr'><em>clinabilemontis,</em></span> <span class='ocrx_word' id='word_1_382' title='bbox 1051 3005 1080 3061; x_wconf 92' lang='lat' dir='ltr'><em>in</em></span> <span class='ocrx_word' id='word_1_383' title='bbox 1101 3005 1221 3063; x_wconf 80' lang='lat' dir='ltr'><em>desertis</em></span> <span class='ocrx_word' id='word_1_384' title='bbox 1241 3004 1367 3060; x_wconf 71' lang='lat' dir='ltr'><em>Arabiane</em></span> 
     </span>
    </p>
   </div>
   <div class='ocr_carea' id='block_1_4' title="bbox 128 3080 1368 3479">
    <p class='ocr_par' dir='ltr' id='par_1_4' title="bbox 128 3080 1368 3408">
     <span class='ocr_line' id='line_1_37' title="bbox 130 3080 1368 3163; baseline 0.001 -24"><span class='ocrx_word' id='word_1_385' title='bbox 130 3080 167 3139; x_wconf 91' lang='lat' dir='ltr'><em>N.</em></span> <span class='ocrx_word' id='word_1_386' title='bbox 183 3080 216 3138; x_wconf 91' lang='lat' dir='ltr'><em>T.</em></span> <span class='ocrx_word' id='word_1_387' title='bbox 233 3080 297 3137; x_wconf 93' lang='lat' dir='ltr'><em>Vol.</em></span> <span class='ocrx_word' id='word_1_388' title='bbox 314 3082 336 3138; x_wconf 92' lang='lat' dir='ltr'><em>I.</em></span> <span class='ocrx_word' id='word_1_389' title='bbox 349 3102 377 3158; x_wconf 91' lang='lat' dir='ltr'><em>p.</em></span> <span class='ocrx_word' id='word_1_390' title='bbox 395 3086 480 3139; x_wconf 73' lang='lat' dir='ltr'><em>luna.</em></span> <span class='ocrx_word' id='word_1_391' title='bbox 502 3082 677 3161; x_wconf 84' lang='lat' dir='ltr'><em>interpretes</em></span> <span class='ocrx_word' id='word_1_392' title='bbox 691 3084 728 3141; x_wconf 88' lang='lat' dir='ltr'><em>ad</em></span> <span class='ocrx_word' id='word_1_393' title='bbox 766 3085 904 3143; x_wconf 85' lang='lat' dir='ltr'><em>Petraeae</em></span> <span class='ocrx_word' id='word_1_394' title='bbox 938 3087 993 3155; x_wconf 92' lang='lat' dir='ltr'><em>siti,</em></span> <span class='ocrx_word' id='word_1_395' title='bbox 1031 3086 1262 3163; x_wconf 80' lang='lat' dir='ltr'><em>promulgatione</em></span> <span class='ocrx_word' id='word_1_396' title='bbox 1295 3083 1368 3160; x_wconf 85' lang='lat' dir='ltr'><em>Iegis</em></span> 
     </span>
     <span class='ocr_line' id='line_1_38' title="bbox 128 3160 1368 3239; baseline 0.003 -21"><span class='ocrx_word' id='word_1_397' title='bbox 128 3160 295 3218; x_wconf 79' lang='lat' dir='ltr'><em>Petronium</em></span> <span class='ocrx_word' id='word_1_398' title='bbox 310 3182 373 3239; x_wconf 90' lang='lat' dir='ltr'><em>cap.</em></span> <span class='ocrx_word' id='word_1_399' title='bbox 387 3168 435 3222; x_wconf 82' lang='grc'><strong>94.</strong></span> <span class='ocrx_word' id='word_1_400' title='bbox 454 3163 630 3221; x_wconf 82' lang='lat' dir='ltr'><em>Welstenium</em></span> <span class='ocrx_word' id='word_1_401' title='bbox 642 3164 678 3221; x_wconf 91' lang='lat' dir='ltr'><em>N.</em></span> <span class='ocrx_word' id='word_1_402' title='bbox 693 3164 728 3222; x_wconf 89' lang='lat' dir='ltr'><em>T.</em></span> <span class='ocrx_word' id='word_1_403' title='bbox 766 3164 912 3223; x_wconf 83' lang='lat' dir='ltr'><em>Mosnicae</em></span> <span class='ocrx_word' id='word_1_404' title='bbox 946 3167 1132 3224; x_wconf 79' lang='lat' dir='ltr'><em>celeberrimi,</em></span> <span class='ocrx_word' id='word_1_405' title='bbox 1187 3165 1275 3223; x_wconf 91' lang='lat' dir='ltr'><em>Mons</em></span> <span class='ocrx_word' id='word_1_406' title='bbox 1309 3163 1368 3234; x_wconf 89' lang='lat' dir='ltr'><em>hic,</em></span> 
     </span>
     <span class='ocr_line' id='line_1_39' title="bbox 129 3240 1368 3323; baseline 0.003 -24"><span class='ocrx_word' id='word_1_407' title='bbox 129 3240 164 3299; x_wconf 90' lang='lat' dir='ltr'><strong>T.</strong></span> <span class='ocrx_word' id='word_1_408' title='bbox 178 3240 218 3298; x_wconf 93' lang='lat' dir='ltr'><em>II.</em></span> <span class='ocrx_word' id='word_1_409' title='bbox 240 3262 268 3319; x_wconf 91' lang='lat' dir='ltr'><em>p.</em></span> <span class='ocrx_word' id='word_1_410' title='bbox 282 3247 349 3302; x_wconf 85' lang='lat'><strong>581.</strong></span> <span class='ocrx_word' id='word_1_411' title='bbox 369 3255 399 3302; x_wconf 86' lang='lat' dir='ltr'><em>et</em></span> <span class='ocrx_word' id='word_1_412' title='bbox 418 3243 457 3302; x_wconf 89' lang='lat' dir='ltr'><em>du</em></span> <span class='ocrx_word' id='word_1_413' title='bbox 472 3245 578 3302; x_wconf 84' lang='lat' dir='ltr'><em>Frcsnc</em></span> <span class='ocrx_word' id='word_1_414' title='bbox 591 3244 620 3301; x_wconf 91' lang='lat' dir='ltr'><em>in</em></span> <span class='ocrx_word' id='word_1_415' title='bbox 635 3247 728 3303; x_wconf 87' lang='lat' dir='ltr'><em>Gloss.</em></span> <span class='ocrx_word' id='word_1_416' title='bbox 765 3265 894 3323; x_wconf 85' lang='lat' dir='ltr'><em>magnus,</em></span> <span class='ocrx_word' id='word_1_417' title='bbox 910 3247 984 3304; x_wconf 86' lang='lat' dir='ltr'><em>altus</em></span> <span class='ocrx_word' id='word_1_418' title='bbox 997 3266 1032 3305; x_wconf 86' lang='lat' dir='ltr'><em>ac</em></span> <span class='ocrx_word' id='word_1_419' title='bbox 1041 3247 1123 3306; x_wconf 87' lang='lat' dir='ltr'><em>valde</em></span> <span class='ocrx_word' id='word_1_420' title='bbox 1132 3265 1280 3314; x_wconf 86' lang='lat' dir='ltr'><em>amoenus,</em></span> <span class='ocrx_word' id='word_1_421' title='bbox 1294 3256 1368 3303; x_wconf 90' lang='lat' dir='ltr'><em>teste</em></span> 
     </span>
     <span class='ocr_line' id='line_1_40' title="bbox 129 3322 1368 3408; baseline 0.003 -30"><span class='ocrx_word' id='word_1_422' title='bbox 129 3341 152 3379; x_wconf 84' lang='lat' dir='ltr'><em>s.</em></span> <span class='ocrx_word' id='word_1_423' title='bbox 165 3322 194 3378; x_wconf 92' lang='lat' dir='ltr'><strong>h.</strong></span> <span class='ocrx_word' id='word_1_424' title='bbox 208 3342 235 3380; x_wconf 87' lang='lat' dir='ltr'><strong>v.</strong></span> <span class='ocrx_word' id='word_1_425' title='bbox 405 3368 410 3376; x_wconf 92' lang='lat'><strong>.</strong></span> <span class='ocrx_word' id='word_1_426' title='bbox 764 3326 886 3406; x_wconf 83' lang='lat' dir='ltr'><em>Joseplro</em></span> <span class='ocrx_word' id='word_1_427' title='bbox 911 3330 944 3408; x_wconf 88' lang='lat' dir='ltr'><em>(a</em></span> <span class='ocrx_word' id='word_1_428' title='bbox 964 3348 1021 3406; x_wconf 91' lang='lat' dir='ltr'><em>quo</em></span> <span class='ocrx_word' id='word_1_429' title='bbox 1041 3328 1101 3385; x_wconf 83' lang='lat' dir='ltr'><em>lere</em></span> <span class='ocrx_word' id='word_1_430' title='bbox 1124 3337 1216 3386; x_wconf 59' lang='lat' dir='ltr'><em>»rain</em></span> <span class='ocrx_word' id='word_1_431' title='bbox 1230 3329 1282 3408; x_wconf 62' lang='lat' dir='ltr'><em>lgm</em></span> <span class='ocrx_word' id='word_1_432' title='bbox 1297 3326 1368 3383; x_wconf 89' lang='lat' dir='ltr'><em>dici·</em></span> 
     </span>
    </p>

    <p class='ocr_par' dir='ltr' id='par_1_5' title="bbox 170 3401 1368 3479">
     <span class='ocr_line' id='line_1_41' title="bbox 170 3401 1368 3479; baseline 0.003 -19"><span class='ocrx_word' id='word_1_433' title='bbox 170 3401 304 3474; x_wconf 71' lang='lat' dir='ltr'><em>siuns,</em></span> <span class='ocrx_word' id='word_1_434' title='bbox 329 3431 393 3474; x_wconf 68' lang='lat' dir='ltr'><em>arse,</em></span> <span class='ocrx_word' id='word_1_435' title='bbox 418 3408 440 3476; x_wconf 75' lang='grc' dir='ltr'><em>ὃ,</em></span> <span class='ocrx_word' id='word_1_436' title='bbox 466 3405 569 3463; x_wconf 80' lang='lat' dir='ltr'><em>Simon.</em></span> <span class='ocrx_word' id='word_1_437' title='bbox 617 3408 730 3466; x_wconf 88' lang='lat' dir='ltr'><em>Nomen</em></span> <span class='ocrx_word' id='word_1_438' title='bbox 766 3418 823 3475; x_wconf 87' lang='lat' dir='ltr'><em>tur,</em></span> <span class='ocrx_word' id='word_1_439' title='bbox 837 3427 864 3466; x_wconf 90' lang='lat' dir='ltr'><strong>v.</strong></span> <span class='ocrx_word' id='word_1_440' title='bbox 880 3426 906 3466; x_wconf 88' lang='lat' dir='ltr'><em>c.</em></span> <span class='ocrx_word' id='word_1_441' title='bbox 919 3410 948 3464; x_wconf 79' lang='lat' dir='ltr'><em>ln</em></span> <span class='ocrx_word' id='word_1_442' title='bbox 963 3413 1000 3467; x_wconf 90' lang='lat' dir='ltr'><strong>A.</strong></span> <span class='ocrx_word' id='word_1_443' title='bbox 1014 3409 1041 3467; x_wconf 90' lang='lat' dir='ltr'><strong>J.</strong></span> <span class='ocrx_word' id='word_1_444' title='bbox 1057 3409 1095 3473; x_wconf 85' lang='grc' dir='ltr'><strong>ΙΙ.</strong></span> <span class='ocrx_word' id='word_1_445' title='bbox 1111 3429 1136 3467; x_wconf 92' lang='lat' dir='ltr'><em>c.</em></span> <span class='ocrx_word' id='word_1_446' title='bbox 1156 3414 1201 3466; x_wconf 75' lang='lat' dir='ltr'><em>lu.</em></span> <span class='ocrx_word' id='word_1_447' title='bbox 1219 3414 1244 3467; x_wconf 95' lang='lat' dir='ltr'><strong>l.</strong></span> <span class='ocrx_word' id='word_1_448' title='bbox 1265 3418 1296 3465; x_wconf 87' lang='lat' dir='ltr'><em>et</em></span> <span class='ocrx_word' id='word_1_449' title='bbox 1311 3407 1368 3479; x_wconf 89' lang='lat'><em>111,</em></span> 
     </span>
    </p>
   </div>
   <div class='ocr_carea' id='block_1_5' title="bbox 129 3484 1369 3585">
    <p class='ocr_par' dir='ltr' id='par_1_6' title="bbox 129 3484 1369 3585">
     <span class='ocr_line' id='line_1_42' title="bbox 129 3484 1369 3585; baseline 0.002 -43"><span class='ocrx_word' id='word_1_450' title='bbox 129 3484 276 3560; x_wconf 87' lang='lat' dir='ltr'><em>proprium</em></span> <span class='ocrx_word' id='word_1_451' title='bbox 297 3485 462 3544; x_wconf 88' lang='lat' dir='ltr'><em>hebraicum</em></span> <span class='ocrx_word' id='word_1_452' title='bbox 483 3484 584 3585; x_wconf 56' lang='lat' dir='ltr'><em>miti</em></span> <span class='ocrx_word' id='word_1_453' title='bbox 602 3488 730 3546; x_wconf 86' lang='lat' dir='ltr'><em>aradice</em></span> <span class='ocrx_word' id='word_1_454' title='bbox 766 3494 794 3547; x_wconf 88' lang='lat'><strong>5.</strong></span> <span class='ocrx_word' id='word_1_455' title='bbox 812 3486 854 3566; x_wconf 87' lang='lat'><strong>1.)</strong></span> <span class='ocrx_word' id='word_1_456' title='bbox 871 3488 977 3566; x_wconf 84' lang='lat' dir='ltr'><em>duplex</em></span> <span class='ocrx_word' id='word_1_457' title='bbox 989 3510 1128 3548; x_wconf 90' lang='lat' dir='ltr'><em>cacumen</em></span> <span class='ocrx_word' id='word_1_458' title='bbox 1138 3490 1271 3547; x_wconf 88' lang='lat' dir='ltr'><em>habuisse</em></span> <span class='ocrx_word' id='word_1_459' title='bbox 1281 3488 1369 3545; x_wconf 85' lang='lat' dir='ltr'><em>tradi-</em></span> 
     </span>
    </p>
   </div>
   <div class='ocr_carea' id='block_1_6' title="bbox 125 3569 1369 3684">
    <p class='ocr_par' dir='ltr' id='par_1_7' title="bbox 125 3569 1369 3684">
     <span class='ocr_line' id='line_1_43' title="bbox 125 3569 1369 3684; baseline -0.011 -43"><span class='ocrx_word' id='word_1_460' title='bbox 125 3590 205 3684; x_wconf 56' lang='lat' dir='ltr'><em>popl</em></span> <span class='ocrx_word' id='word_1_461' title='bbox 238 3592 356 3664; x_wconf 62' lang='lat' dir='ltr'><em>audivit,</em></span> <span class='ocrx_word' id='word_1_462' title='bbox 389 3593 518 3663; x_wconf 58' lang='lat' dir='ltr'><em>obedivit,</em></span> <span class='ocrx_word' id='word_1_463' title='bbox 552 3607 602 3653; x_wconf 59' lang='lat' dir='ltr'><em>,ut</em></span> <span class='ocrx_word' id='word_1_464' title='bbox 631 3593 721 3671; x_wconf 48' lang='lat' dir='ltr'><em>pm,</em></span> <span class='ocrx_word' id='word_1_465' title='bbox 766 3582 831 3626; x_wconf 88' lang='lat' dir='ltr'><em>tur:</em></span> <span class='ocrx_word' id='word_1_466' title='bbox 854 3589 952 3638; x_wconf 88' lang='lat' dir='ltr'><em>unum,</em></span> <span class='ocrx_word' id='word_1_467' title='bbox 967 3569 1369 3638; x_wconf 84' lang='lat' dir='ltr'><em>versussolisoccasum,dic·</em></span> 
     </span>
    </p>
   </div>
   <div class='ocr_carea' id='block_1_7' title="bbox 129 3649 1369 3776">
    <p class='ocr_par' dir='ltr' id='par_1_8' title="bbox 129 3649 1369 3776">
     <span class='ocr_line' id='line_1_44' title="bbox 129 3649 1369 3776; baseline -0.037 -25"><span class='ocrx_word' id='word_1_468' title='bbox 129 3709 215 3775; x_wconf 80' lang='lat' dir='ltr'><em>prout</em></span> <span class='ocrx_word' id='word_1_469' title='bbox 242 3699 346 3776; x_wconf 62' lang='lat' dir='ltr'><em>legitur</em></span> <span class='ocrx_word' id='word_1_470' title='bbox 377 3709 387 3759; x_wconf 82' lang='lat'>1</span> <span class='ocrx_word' id='word_1_471' title='bbox 422 3702 529 3769; x_wconf 46' lang='lat' dir='ltr'><strong>ebron·</strong></span> <span class='ocrx_word' id='word_1_472' title='bbox 558 3703 609 3775; x_wconf 48' lang='lat' dir='ltr'><em>pv,</em></span> <span class='ocrx_word' id='word_1_473' title='bbox 639 3653 730 3764; x_wconf 35' lang='grc' dir='ltr'><em>ρας</em></span> <span class='ocrx_word' id='word_1_474' title='bbox 765 3649 1009 3735; x_wconf 60' lang='lat' dir='ltr'><em>tumtuimjpm</em></span> <span class='ocrx_word' id='word_1_475' title='bbox 1033 3652 1139 3731; x_wconf 85' lang='lat' dir='ltr'><em>(Dent.</em></span> <span class='ocrx_word' id='word_1_476' title='bbox 1154 3651 1190 3721; x_wconf 94' lang='lat' dir='ltr'>V,</span> <span class='ocrx_word' id='word_1_477' title='bbox 1205 3655 1233 3709; x_wconf 78' lang='grc'><strong>3.</strong></span> <span class='ocrx_word' id='word_1_478' title='bbox 1254 3649 1369 3708; x_wconf 85' lang='lat' dir='ltr'><em>asicci-</em></span> 
     </span>
    </p>
   </div>
   <div class='ocr_carea' id='block_1_8' title="bbox 128 3758 1370 3873">
    <p class='ocr_par' dir='ltr' id='par_1_9' title="bbox 128 3758 1370 3873">
     <span class='ocr_line' id='line_1_45' title="bbox 128 3758 1370 3873; baseline -0.016 -41"><span class='ocrx_word' id='word_1_479' title='bbox 128 3778 195 3873; x_wconf 59' lang='lat' dir='ltr'><em>imi</em></span> <span class='ocrx_word' id='word_1_480' title='bbox 206 3780 343 3860; x_wconf 67' lang='lat' dir='ltr'><em>saginari,</em></span> <span class='ocrx_word' id='word_1_481' title='bbox 359 3783 493 3862; x_wconf 61' lang='lat' dir='ltr'><em>pinguem</em></span> <span class='ocrx_word' id='word_1_482' title='bbox 514 3805 579 3843; x_wconf 41' lang='lat' dir='ltr'><em>esse.</em></span> <span class='ocrx_word' id='word_1_483' title='bbox 621 3784 733 3846; x_wconf 60' lang='lat' dir='ltr'><em>Alpem·</em></span> <span class='ocrx_word' id='word_1_484' title='bbox 766 3772 827 3819; x_wconf 87' lang='lat' dir='ltr'><em>tate</em></span> <span class='ocrx_word' id='word_1_485' title='bbox 848 3771 879 3819; x_wconf 88' lang='lat' dir='ltr'><em>et</em></span> <span class='ocrx_word' id='word_1_486' title='bbox 901 3759 1042 3831; x_wconf 81' lang='lat' dir='ltr'><em>vastitate,</em></span> <span class='ocrx_word' id='word_1_487' title='bbox 1067 3760 1134 3839; x_wconf 86' lang='lat' dir='ltr'><em>quia</em></span> <span class='ocrx_word' id='word_1_488' title='bbox 1154 3759 1244 3827; x_wconf 90' lang='lat' dir='ltr'><em>locus,</em></span> <span class='ocrx_word' id='word_1_489' title='bbox 1266 3758 1297 3815; x_wconf 92' lang='lat' dir='ltr'><em>in</em></span> <span class='ocrx_word' id='word_1_490' title='bbox 1312 3775 1370 3834; x_wconf 91' lang='lat' dir='ltr'><em>quo</em></span> 
     </span>
    </p>
   </div>
   <div class='ocr_carea' id='block_1_9' title="bbox 767 3838 1393 3910">
    <p class='ocr_par' dir='ltr' id='par_1_10' title="bbox 767 3838 1393 3910">
     <span class='ocr_line' id='line_1_46' title="bbox 767 3838 1393 3910; baseline -0.008 -11"><span class='ocrx_word' id='word_1_491' title='bbox 767 3841 929 3899; x_wconf 87' lang='lat' dir='ltr'><em>monssitus</em></span> <span class='ocrx_word' id='word_1_492' title='bbox 951 3841 1014 3910; x_wconf 80' lang='lat' dir='ltr'><em>fuit,</em></span> <span class='ocrx_word' id='word_1_493' title='bbox 1029 3854 1091 3900; x_wconf 87' lang='lat' dir='ltr'><em>erat</em></span> <span class='ocrx_word' id='word_1_494' title='bbox 1107 3840 1209 3899; x_wconf 89' lang='lat' dir='ltr'><em>sterilis</em></span> <span class='ocrx_word' id='word_1_495' title='bbox 1231 3850 1261 3897; x_wconf 82' lang='lat' dir='ltr'><em>et</em></span> <span class='ocrx_word' id='word_1_496' title='bbox 1275 3838 1369 3896; x_wconf 88' lang='lat' dir='ltr'><em>incul·</em></span> <span class='ocrx_word' id='word_1_497' title='bbox 1391 3854 1393 3859; x_wconf 90' lang='grc'><strong><em>·</em></strong></span> 
     </span>
    </p>
   </div>
   <div class='ocr_carea' id='block_1_10' title="bbox 130 3886 1372 4003">
    <p class='ocr_par' dir='ltr' id='par_1_11' title="bbox 130 3886 1372 4003">
     <span class='ocr_line' id='line_1_47' title="bbox 130 3886 1372 4003; baseline 0.014 -57"><span class='ocrx_word' id='word_1_498' title='bbox 130 3886 257 3946; x_wconf 83' lang='lat' dir='ltr'><em>Glossar.</em></span> <span class='ocrx_word' id='word_1_499' title='bbox 271 3888 324 3946; x_wconf 87' lang='lat' dir='ltr'><em>Gr.</em></span> <span class='ocrx_word' id='word_1_500' title='bbox 334 3909 363 3966; x_wconf 89' lang='lat' dir='ltr'><em>p.</em></span> <span class='ocrx_word' id='word_1_501' title='bbox 374 3896 422 3949; x_wconf 91' lang='grc'><strong>48.</strong></span> <span class='ocrx_word' id='word_1_502' title='bbox 437 3894 528 3968; x_wconf 65' lang='grc' dir='ltr'><em>Σίμων·</em></span> <span class='ocrx_word' id='word_1_503' title='bbox 539 3892 631 3952; x_wconf 70' lang='grc' dir='ltr'><em>ἀκούοι</em></span> <span class='ocrx_word' id='word_1_504' title='bbox 642 3894 730 3960; x_wconf 71' lang='lat' dir='ltr'><em>niani.</em></span> <span class='ocrx_word' id='word_1_505' title='bbox 766 3921 840 4002; x_wconf 54' lang='grc' dir='ltr'><em>ω’)</em></span> <span class='ocrx_word' id='word_1_506' title='bbox 866 3921 988 3980; x_wconf 58' lang='lat' dir='ltr'><strong>alterum</strong></span> <span class='ocrx_word' id='word_1_507' title='bbox 1010 3923 1101 3991; x_wconf 56' lang='lat' dir='ltr'><em>Sinai,</em></span> <span class='ocrx_word' id='word_1_508' title='bbox 1121 3920 1338 4003; x_wconf 49' lang='lat' dir='ltr'><em>hebraicespsp</em></span> <span class='ocrx_word' id='word_1_509' title='bbox 1352 3939 1372 3977; x_wconf 64' lang='lat' dir='ltr'><em>a</em></span> 
     </span>
    </p>
   </div>
   <div class='ocr_carea' id='block_1_11' title="bbox 89 3967 1374 4520">
    <p class='ocr_par' dir='ltr' id='par_1_12' title="bbox 89 3967 1374 4520">
     <span class='ocr_line' id='line_1_48' title="bbox 129 3967 1370 4051; baseline 0.012 -25"><span class='ocrx_word' id='word_1_510' title='bbox 129 3978 161 4026; x_wconf 89' lang='lat' dir='ltr'><em>et</em></span> <span class='ocrx_word' id='word_1_511' title='bbox 174 3967 203 4024; x_wconf 91' lang='lat' dir='ltr'><em>in</em></span> <span class='ocrx_word' id='word_1_512' title='bbox 219 3969 287 4027; x_wconf 85' lang='lat' dir='ltr'><em>Cod.</em></span> <span class='ocrx_word' id='word_1_513' title='bbox 304 3969 419 4028; x_wconf 86' lang='lat' dir='ltr'><em>Coislia.</em></span> <span class='ocrx_word' id='word_1_514' title='bbox 431 3973 564 4031; x_wconf 90' lang='lat' dir='ltr'>CXCIX.</span> <span class='ocrx_word' id='word_1_515' title='bbox 575 3977 731 4051; x_wconf 85' lang='lat' dir='ltr'><em>exponitur</em></span> <span class='ocrx_word' id='word_1_516' title='bbox 1000 4029 1006 4041; x_wconf 86' lang='lat'><strong>.</strong></span> <span class='ocrx_word' id='word_1_517' title='bbox 1142 4031 1148 4041; x_wconf 87' lang='lat'><strong>.</strong></span> <span class='ocrx_word' id='word_1_518' title='bbox 1363 4029 1370 4041; x_wconf 89' lang='lat'><strong>.</strong></span> 
     </span>
     <span class='ocr_line' id='line_1_49' title="bbox 129 4029 1371 4127; baseline 0.003 -19"><span class='ocrx_word' id='word_1_519' title='bbox 129 4067 182 4127; x_wconf 78' lang='lat' dir='ltr'><em>per</em></span> <span class='ocrx_word' id='word_1_520' title='bbox 196 4052 301 4114; x_wconf 65' lang='lat' dir='ltr'><em>immol.</em></span> <span class='ocrx_word' id='word_1_521' title='bbox 331 4051 510 4110; x_wconf 81' lang='lat' dir='ltr'><em>Oecumeairn</em></span> <span class='ocrx_word' id='word_1_522' title='bbox 526 4055 686 4119; x_wconf 82' lang='lat' dir='ltr'><em>Commeat.</em></span> <span class='ocrx_word' id='word_1_523' title='bbox 700 4055 730 4114; x_wconf 84' lang='lat' dir='ltr'><em>in</em></span> <span class='ocrx_word' id='word_1_524' title='bbox 767 4030 939 4115; x_wconf 58' lang='grc'><strong>1119111113»</strong></span> <span class='ocrx_word' id='word_1_525' title='bbox 962 4049 1053 4109; x_wconf 73' lang='lat' dir='ltr'><em>mina,</em></span> <span class='ocrx_word' id='word_1_526' title='bbox 1074 4039 1244 4099; x_wconf 61' lang='lat' dir='ltr'><em>selllm&#39;lum’</em></span> <span class='ocrx_word' id='word_1_527' title='bbox 1269 4029 1371 4087; x_wconf 58' lang='lat'><em>⁸³⁰¹„</em></span> 
     </span>
     <span class='ocr_line' id='line_1_50' title="bbox 129 4122 1372 4216; baseline 0.007 -29"><span class='ocrx_word' id='word_1_528' title='bbox 129 4129 241 4189; x_wconf 70' lang='lat' dir='ltr'><em>2Petr.</em></span> <span class='ocrx_word' id='word_1_529' title='bbox 255 4130 280 4200; x_wconf 92' lang='lat'><em>1,</em></span> <span class='ocrx_word' id='word_1_530' title='bbox 295 4136 319 4191; x_wconf 92' lang='lat' dir='ltr'><em>l.</em></span> <span class='ocrx_word' id='word_1_531' title='bbox 334 4134 417 4209; x_wconf 63' lang='grc' dir='ltr'><em>Σίμου</em></span> <span class='ocrx_word' id='word_1_532' title='bbox 430 4137 557 4213; x_wconf 53' lang='lat' dir='ltr'><em>egdorem</em></span> <span class='ocrx_word' id='word_1_533' title='bbox 567 4143 611 4195; x_wconf 74' lang='lat' dir='ltr'><em>ui</em></span> <span class='ocrx_word' id='word_1_534' title='bbox 621 4139 730 4210; x_wconf 71' lang='grc' dir='ltr'><em>Συμιάι·</em></span> <span class='ocrx_word' id='word_1_535' title='bbox 766 4122 860 4216; x_wconf 84' lang='lat' dir='ltr'><em>copia,</em></span> <span class='ocrx_word' id='word_1_536' title='bbox 883 4138 961 4216; x_wconf 88' lang='lat' dir='ltr'><em>quod</em></span> <span class='ocrx_word' id='word_1_537' title='bbox 984 4140 1131 4216; x_wconf 86' lang='lat' dir='ltr'><em>speciatim</em></span> <span class='ocrx_word' id='word_1_538' title='bbox 1145 4139 1173 4196; x_wconf 92' lang='lat' dir='ltr'><em>in</em></span> <span class='ocrx_word' id='word_1_539' title='bbox 1192 4138 1227 4196; x_wconf 93' lang='lat' dir='ltr'><em>V.</em></span> <span class='ocrx_word' id='word_1_540' title='bbox 1243 4138 1277 4195; x_wconf 83' lang='lat' dir='ltr'><strong>T.</strong></span> <span class='ocrx_word' id='word_1_541' title='bbox 1291 4159 1372 4196; x_wconf 89' lang='lat' dir='ltr'><em>moas</em></span> 
     </span>
     <span class='ocr_line' id='line_1_51' title="bbox 89 4215 1374 4312; baseline 0.013 -51"><span class='ocrx_word' id='word_1_542' title='bbox 89 4255 90 4259; x_wconf 70' lang='grc'>,</span> <span class='ocrx_word' id='word_1_543' title='bbox 130 4219 175 4268; x_wconf 67' lang='grc' dir='ltr'><em>τοῦ</em></span> <span class='ocrx_word' id='word_1_544' title='bbox 188 4216 239 4302; x_wconf 60' lang='lat' dir='ltr'><em>pale</em></span> <span class='ocrx_word' id='word_1_545' title='bbox 254 4215 659 4298; x_wconf 65' lang='lat' dir='ltr'><em>vardraizt&#39;paurirrmogiamle</em></span> <span class='ocrx_word' id='word_1_546' title='bbox 672 4219 730 4279; x_wconf 70' lang='lat' dir='ltr'><em>ieci.</em></span> <span class='ocrx_word' id='word_1_547' title='bbox 767 4220 826 4278; x_wconf 85' lang='lat' dir='ltr'><em>Del</em></span> <span class='ocrx_word' id='word_1_548' title='bbox 840 4219 953 4288; x_wconf 82' lang='lat' dir='ltr'><em>dicitur,</em></span> <span class='ocrx_word' id='word_1_549' title='bbox 978 4222 1010 4312; x_wconf 79' lang='lat' dir='ltr'><em>(l</em></span> <span class='ocrx_word' id='word_1_550' title='bbox 1030 4221 1121 4299; x_wconf 83' lang='lat' dir='ltr'><strong>Regg.</strong></span> <span class='ocrx_word' id='word_1_551' title='bbox 1136 4220 1219 4289; x_wconf 87' lang='lat' dir='ltr'>XIX,</span> <span class='ocrx_word' id='word_1_552' title='bbox 1234 4217 1279 4297; x_wconf 90' lang='grc'><strong>8.)</strong></span> <span class='ocrx_word' id='word_1_553' title='bbox 1304 4220 1374 4297; x_wconf 76' lang='lat' dir='ltr'><em>quia</em></span> 
     </span>
     <span class='ocr_line' id='line_1_52' title="bbox 130 4285 1372 4378; baseline 0.012 -34"><span class='ocrx_word' id='word_1_554' title='bbox 130 4285 210 4346; x_wconf 80' lang='lat' dir='ltr'><em>Varii</em></span> <span class='ocrx_word' id='word_1_555' title='bbox 238 4305 334 4352; x_wconf 86' lang='lat' dir='ltr'><em>nutem</em></span> <span class='ocrx_word' id='word_1_556' title='bbox 364 4295 421 4356; x_wconf 86' lang='lat' dir='ltr'><em>hoc</em></span> <span class='ocrx_word' id='word_1_557' title='bbox 451 4296 568 4363; x_wconf 79' lang='lat' dir='ltr'><em>nomiae</em></span> <span class='ocrx_word' id='word_1_558' title='bbox 595 4297 731 4378; x_wconf 79' lang='lat' dir='ltr'><em>appellati</em></span> <span class='ocrx_word' id='word_1_559' title='bbox 765 4299 795 4356; x_wconf 93' lang='lat' dir='ltr'><em>in</em></span> <span class='ocrx_word' id='word_1_560' title='bbox 810 4301 865 4357; x_wconf 92' lang='lat' dir='ltr'><em>hoc</em></span> <span class='ocrx_word' id='word_1_561' title='bbox 881 4319 1030 4358; x_wconf 82' lang='lat' dir='ltr'><em>cacumine</em></span> <span class='ocrx_word' id='word_1_562' title='bbox 1049 4302 1132 4360; x_wconf 86' lang='lat' dir='ltr'><em>Deus</em></span> <span class='ocrx_word' id='word_1_563' title='bbox 1150 4301 1218 4359; x_wconf 87' lang='lat' dir='ltr'><em>olim</em></span> <span class='ocrx_word' id='word_1_564' title='bbox 1234 4299 1372 4359; x_wconf 84' lang='lat' dir='ltr'><em>Israelitis</em></span> 
     </span>
     <span class='ocr_line' id='line_1_53' title="bbox 131 4370 1372 4519; baseline 0.009 -91"><span class='ocrx_word' id='word_1_565' title='bbox 131 4381 199 4429; x_wconf 83' lang='lat' dir='ltr'><em>sunt</em></span> <span class='ocrx_word' id='word_1_566' title='bbox 212 4370 242 4430; x_wconf 90' lang='lat' dir='ltr'><em>in</em></span> <span class='ocrx_word' id='word_1_567' title='bbox 257 4373 294 4432; x_wconf 86' lang='lat' dir='ltr'><strong>N.</strong></span> <span class='ocrx_word' id='word_1_568' title='bbox 309 4375 343 4442; x_wconf 79' lang='grc' dir='ltr'><strong>Τ.</strong></span> <span class='ocrx_word' id='word_1_569' title='bbox 358 4387 390 4436; x_wconf 85' lang='lat' dir='ltr'><em>ut</em></span> <span class='ocrx_word' id='word_1_570' title='bbox 452 4440 455 4445; x_wconf 64' lang='grc'>,</span> <span class='ocrx_word' id='word_1_571' title='bbox 765 4380 1127 4466; x_wconf 81' lang='lat' dir='ltr'><em>deditdecempraecepta</em></span> <span class='ocrx_word' id='word_1_572' title='bbox 1140 4395 1169 4442; x_wconf 86' lang='lat' dir='ltr'><em>et</em></span> <span class='ocrx_word' id='word_1_573' title='bbox 1183 4392 1274 4440; x_wconf 87' lang='lat' dir='ltr'><em>totam</em></span> <span class='ocrx_word' id='word_1_574' title='bbox 1289 4400 1372 4519; x_wconf 56' lang='grc' dir='ltr'><em>ΙἙτε-</em></span> 
     </span>
     <span class='ocr_line' id='line_1_54' title="bbox 1216 4480 1371 4520; baseline -0.013 0"><span class='ocrx_word' id='word_1_575' title='bbox 1216 4480 1295 4520; x_wconf 80' lang='lat' dir='ltr'><em>motu</em></span> <span class='ocrx_word' id='word_1_576' title='bbox 1325 4482 1371 4518; x_wconf 81' lang='lat' dir='ltr'><em>ent</em></span> 
     </span>
    </p>
   </div>
   <div class='ocr_carea' id='block_1_12' title="bbox 0 0 1545 5514">
    <p class='ocr_par' dir='ltr' id='par_1_13' title="bbox 0 0 1545 5514">
     <span class='ocr_line' id='line_1_55' title="bbox 0 0 1545 5514; baseline 0 0"><span class='ocrx_word' id='word_1_577' title='bbox 0 0 1545 5514; x_wconf 95' lang='lat' dir='ltr'><em> </em></span> 
     </span>
    </p>
   </div>
  </div>
 </body>
</html>
