3052 5514
435 557 616 672 ingeriit.
991 563 1020 641 Σ
1042 568 1078 641 A
1450 555 1525 638 tt

409 722 518 796 ’μιτικὲ
546 717 583 775 de
611 713 789 775 institutione
816 714 847 772 in
874 712 1013 792 religione
1047 735 1083 773 ne
1102 713 1257 772 christiana
1270 712 1377 793 posuit.
1419 712 1468 771 Sic
1489 713 1518 770 le

418 798 574 858 christiana
594 798 725 874 adeoque
746 796 782 855 de
803 794 956 866 beneflcio,
977 795 1014 853 ad
1051 796 1089 853 N.
1104 796 1138 853 T.
1167 801 1177 852 l
1198 795 1265 852 Cor.
1281 793 1336 863 ΙΙΙ,
1356 799 1380 851 t.
1402 796 1445 852 ala
1467 791 1512 858 lla

418 879 546 937 arrianum
566 877 738 955 pertinente,
758 881 792 937 ul
814 879 924 958 cagani
946 895 1014 934 vero
1051 884 1127 940 nicar
1141 883 1197 952 ὑμῖν
1212 877 1241 940 ὣς
1256 883 1442 952 recuperasti,
1463 883 1518 933 ἀλλ

418 959 456 1017 de
471 959 611 1027 didactro,
626 958 704 1036 quod
718 957 802 1014 datur
813 957 948 1034 magistro
962 976 1015 1034 pro
1051 964 1138 1026 κιιοῖς,
1159 957 1208 1014 uhi
1229 963 1353 1036 aquirat,
1375 957 1442 1033 quia
1463 976 1515 1033 op

419 1040 542 1098 docendi
567 1057 664 1116 opera,
692 1038 822 1115 adeoque
850 1037 888 1095 de
914 1057 957 1108 re,
978 1037 1015 1094 ad
1051 1046 1101 1104 τοῖς
1126 1044 1311 1114 ariomanita,
1332 1038 1361 1093 h.
1382 1057 1409 1094 e.
1429 1036 1526 1114 perse

420 1120 548 1198 corporis
561 1119 798 1177 sustentationem
817 1129 929 1176 tantum
950 1137 1015 1196 per·
1053 1118 1230 1186 Christiania,
1253 1118 1300 1195 qui
1316 1117 1521 1196 perfectiorem

420 1201 542 1271 tinente,
563 1199 735 1278 explicanda
755 1211 832 1270 sunt,
853 1200 1016 1278 postulante
1052 1200 1096 1256 nis
1118 1200 1288 1256 christianae
1314 1198 1508 1276 coguitionem

418 1282 461 1340 ita
474 1281 551 1339 omni
566 1281 700 1338 orationis
713 1281 796 1339 serie.
837 1280 872 1338 ln
894 1291 1016 1356 utroque
1056 1280 1147 1358 (conf.
1174 1286 1184 1338 l
1204 1283 1272 1338 Cor.
1287 1280 1326 1350 ΙΙ,
1345 1285 1389 1339 15.
1412 1279 1509 1336 Galat.

420 1382 490 1420 vero
503 1362 569 1420 loco
583 1362 653 1420 latet
666 1362 750 1420 simul
771 1362 800 1419 in
814 1381 886 1419 voce
900 1367 1017 1441 σιμιιὶς
1052 1380 1103 1418 seu
1116 1368 1167 1425 τοῖς
1182 1357 1302 1430 δυνατοῖς,
1320 1371 1352 1417 ut
1372 1361 1455 1417 llom.
1471 1359 1497 1415 X

418 1441 538 1502 vilitatis
552 1454 582 1501 et
595 1442 718 1501 leuitatis
730 1443 819 1510 notio,
834 1461 919 1519 quam
931 1460 1016 1499 voca·
1052 1453 1164 1510 cantur,
1187 1453 1253 1498 sunt
1269 1440 1426 1499 Christiani
1444 1440 1495 1514 infi

419 1523 489 1582 bulo
503 1530 536 1582 σὲ
553 1528 567 1596 ξ
587 1523 663 1580 haud
679 1542 743 1581 raro
757 1523 922 1600 adjunctam
943 1541 1017 1590 esse,
1052 1524 1117 1580 dunt
1136 1522 1206 1580 sotis
1227 1520 1364 1579 illustrati
1390 1531 1417 1579 et
1438 1541 1526 1578 emen

420 1604 495 1662 infra
508 1553 633 1662 adhunc
648 1623 747 1662 vocem
765 1603 1016 1663 demonstrabitur.
1053 1602 1215 1680 religionem
1236 1602 1428 1670 christianam,
1453 1601 1522 1658 malt

441 1690 469 1744 3.
490 1684 639 1754 horitanae,
659 1684 797 1743 humanae
812 1694 932 1743 naturae
952 1704 1018 1742 con·
1043 1684 1164 1764 judiciis
1191 1693 1219 1742 et
1246 1683 1389 1742 erroribus
1416 1684 1507 1741 adhuc

421 1767 544 1836 ueniens,
558 1765 679 1824 hnmano
694 1765 787 1824 studio
806 1775 834 1824 et
847 1765 952 1823 viridas
967 1785 1019 1822 na·
1055 1771 1257 1838 uauuiutldartr
1281 1764 1506 1843 annilightcned,

421 1847 561 1905 turalibus
583 1847 748 1926 acquisitus,
769 1846 880 1927 ingenio
901 1845 1020 1904 hominis
1055 1845 1122 1903 dem
1147 1849 1168 1903 ai
1193 1849 1269 1908 sirau
1292 1849 1312 1904 ii
1337 1853 1434 1926 xpm?
1454 1845 1521 1903 dicu

420 1927 650 1988 accommodatus.
690 1931 710 1986 2
733 1926 908 1997 Cor.l,12.
936 1931 979 1986 οὐκ
1001 1929 1021 1985 ἐι
1056 1927 1169 2004 quibus,
1191 1927 1232 1984 uti
1254 1946 1280 1982 v.
1294 1931 1322 1984 2.
1343 1926 1433 1994 addit,
1455 1939 1524 1983 ute

421 2013 501 2089 σοφίᾳ
515 2015 621 2090 equas]
643 2028 700 2066 non
715 2009 744 2065 in
763 2008 902 2085 sapientia
919 2007 1020 2066 burna·
1056 2007 1200 2085 religionis
1228 2006 1398 2064 christianae
1426 2007 1500 2066 iteru

421 2109 470 2160 aa,
493 2110 566 2169 quae
586 2091 711 2150 humano
732 2089 827 2147 studio
847 2108 882 2146 ac
903 2088 1019 2166 ingenio
1057 2100 1165 2157 rentur,
1180 2088 1274 2144 adhuc
1289 2107 1360 2165 opus
1374 2098 1445 2144 erat.
1474 2087 1511 2146 Se

422 2183 617 2250 comparatur,
650 2181 681 2228 et
715 2169 837 2247 ingeniis
871 2168 1020 2227 hominum
1055 2168 1512 2229 verotuncitaconstituenduse

421 2253 583 2329 vulgarium
598 2261 642 2309 est
656 2251 782 2308 maxime
792 2249 1020 2317 accommodata,
1057 2251 1137 2326 potui
1152 2249 1265 2307 tradere
1280 2248 1359 2306 vobis
1380 2249 1523 2307 doctrina

422 2352 510 2410 quam
534 2336 547 2392 l
566 2332 633 2390 Cor.
647 2329 688 2400 ΙΙ,
713 2336 742 2390 6.
763 2333 852 2403 naha
872 2338 917 2390 τοῦ
936 2335 1020 2396 atino,
1056 2332 1173 2399 tianam,
1183 2343 1318 2407 tanquam
1329 2331 1501 2407 provectis:

422 2415 522 2482 τούτου,
536 2422 567 2472 et
581 2410 648 2468 ibid.
663 2429 689 2467 v.
706 2415 752 2470 13.
776 2413 864 2483 erotica
877 2413 1020 2493 drlgum'mr
1057 2411 1233 2487 cognitione,
1260 2410 1311 2468 sed
1334 2423 1469 2488 tanquam
1490 2429 1524 2469 ru

422 2493 558 2570 appellat.
597 2491 675 2561 Jam,
711 2491 780 2569 quia
805 2491 910 2562 omnia,
944 2511 1019 2569 quae
1057 2492 1152 2549 adlruc
1164 2504 1195 2550 et
1204 2491 1461 2571 imperfectioribus
1473 2491 1518 2550 Ch

423 2586 492 2629 aunt
514 2573 649 2642 humana,
670 2571 872 2631 imbecillitatis
892 2583 923 2631 et
943 2572 1020 2629 intir-
1058 2572 1123 2630 Nec
1137 2573 1192 2630 alio
1206 2592 1290 2631 sensu
1300 2573 1405 2650 legitur
1415 2573 1472 2630 hoc
1481 2591 1526 2631 vo

423 2652 530 2710 mitatis
557 2652 698 2710 humanae
727 2664 809 2711 notas
833 2653 941 2713 habent
967 2653 1019 2712 im·
1057 2653 1126 2711 ibid.
1140 2674 1167 2710 v.
1181 2656 1209 2711 2.
1225 2660 1242 2711 3
1256 2664 1288 2710 et
1302 2659 1330 2712 t.

423 2751 546 2810 pressas,
566 2731 675 2794 factum
689 2744 744 2805 est,
766 2745 798 2792 ut.
809 2741 927 2816 αςιικὶι
1078 2736 1107 2796 7.
1126 2733 1433 2810 transitorius,jluans,
1451 2755 1507 2795 non

445 2819 474 2872 4.
495 2813 669 2891 significaret
683 2813 747 2885 vile,
767 2816 917 2894 infimum,
937 2814 1019 2874 iinhe·
1057 2835 1090 2873 uc
1100 2824 1262 2894 perpetuus.
1304 2816 1338 2871 ln
1360 2817 1413 2873 hac
1428 2836 1523 2874 veros

424 2894 497 2966 cille,
512 2892 674 2953 inualidum.
711 2895 759 2955 Sic
774 2896 879 2973 legitur
893 2895 922 2954 in
938 2896 975 2954 N.
986 2897 1022 2953 Τ.
1058 2897 1136 2954 tione
1159 2897 1301 2973 reperitur
1324 2896 1416 2953 Hebr.
1442 2896 1510 2967 Vll,

425 2977 529 3034 teor.
544 2975 581 3047 X,
595 2983 624 3035 t.
646 2977 693 3034 ubi
707 2981 742 3035 nl
756 2977 828 3037 im
845 2981 1021 3058 sagmiop-
1060 2977 1190 3035 Christus
1214 2976 1320 3033 dicitur
1343 2995 1360 3033 a
1387 2977 1452 3034 Deo
1480 2997 1516 3035 co

425 3067 573 3136 ponuntur
587 3065 636 3123 τοῖς
651 3060 737 3122 innon
749 3055 858 3122 lanarii<
874 3065 907 3135 τᾷ
918 3065 982 3134 Θεᾷ,
992 3058 1023 3114 h.
1059 3077 1121 3116 ease
1136 3077 1262 3114 summus
1282 3057 1425 3126 sacerdos,
1447 3063 1474 3117 ai
1493 3087 1509 3116 κ

425 3155 453 3195 e.
467 3139 553 3195 armis
567 3137 744 3195 validissimis
758 3158 792 3196 ac
812 3137 1023 3208 efficacissimis,
1061 3141 1152 3202 inania
1170 3146 1297 3219 sagenis,
1319 3137 1347 3193 h.
1358 3158 1385 3194 e.
1403 3139 1457 3207 vel,
1480 3159 1517 3196 no

429 3218 511 3298 (vide
533 3218 612 3276 dicta
631 3237 716 3295 supra
738 3237 756 3275 a
780 3219 885 3277 moad
913 3227 972 3284 Θαὶς
993 3230 1023 3277 et
1060 3219 1236 3295 dumlegem
1253 3218 1526 3297 hlosaicam,quae

427 3297 531 3373 banau)
555 3298 766 3375 adeoquesunt
787 3319 866 3359 arma
887 3297 1023 3370 invalida,
1061 3300 1146 3358 talem
1181 3299 1348 3376 dignitatem
1377 3319 1393 3357 e
1421 3302 1497 3358 tribu

426 3377 547 3435 imbecill
566 3420 573 3434 .
1061 3380 1187 3438 oriundis
1201 3380 1237 3437 ad
1252 3391 1364 3457 tempus
1379 3381 1463 3451 vitae,
1478 3402 1526 3439 no

448 3462 477 3515 5.
497 3458 622 3527 vitiosus,
638 3467 750 3536 peccato
765 3467 790 3516 et
800 3459 901 3536 pravis
914 3461 1021 3539 cupidi·
1062 3472 1179 3538 petuam
1195 3461 1388 3528 decernebut3
1412 3463 1504 3542 (conf.

427 3537 532 3595 tutibus
559 3538 706 3615 subjectus,
738 3549 896 3618 corruptus,
914 3563 1024 3620 pronus
1063 3540 1296 3619 returnadh.l.)
1322 3543 1377 3611 vel,
1399 3543 1524 3619 quodali

427 3627 455 3676 et
465 3617 598 3696 proclivis
614 3620 653 3677 ud
660 3621 841 3698 peccandum.
863 3621 947 3679 llam.
957 3621 1023 3691 Vll,
1062 3623 1167 3699 placet,
1182 3623 1339 3680 secuudum
1355 3623 1432 3699 leges
1449 3624 1526 3687 Mos

432 3703 478 3756 ΙΙ.
500 3701 547 3771 lyd
568 3699 592 3757 li
607 3701 721 3781 cagnaula
746 3701 802 3779 (ita
823 3701 898 3767 eninr
920 3703 1025 3780 legitur
1063 3723 1134 3760 riuos
1157 3713 1188 3760 et
1209 3722 1277 3759 mox
1300 3704 1497 3780 abrogandam

429 3778 460 3836 in
475 3779 606 3837 omnibus
620 3781 680 3839 fere
695 3780 867 3840 editionibus
880 3782 916 3841 N.
928 3784 962 3842 T.
973 3803 1024 3841 ex·
1066 3782 1126 3860 18.)
1140 3784 1191 3842 sed
1205 3789 1274 3841 acri
1288 3780 1388 3859 livapn
1402 3785 1464 3860 ζωῆς
1486 3792 1492 3808 ¹
1518 3826 1521 3831 -

428 3872 514 3936 cepta
528 3860 760 3931 Grieshachiana‚
770 3881 843 3939 quae
857 3863 945 3922 habet
960 3866 1023 3943 ulg-
1063 3864 1181 3941 Saepius
1196 3865 1223 3921 in
1239 3864 1276 3923 N.
1293 3864 1326 3921 Τ.
1341 3884 1397 3921 non
1411 3866 1524 3941 legitur.

429 3941 508 4018 ιιιος)
532 3949 581 4015 εἰμι
595 3962 651 4019 ego
670 3961 738 4001 vero
759 3961 822 4003 sum
843 3943 880 4001 ad
900 3964 1025 4020 peccan-
1116 3945 1309 4015 ΣᾸΡΚΙΝΟΣ,
1324 3973 1347 4015 a,
1362 3975 1394 4016 n,
1408 3947 1522 4025 proprie

429 4021 499 4078 dum
512 4023 655 4099 proclivis,
665 4025 816 4104 nergapim
828 4031 875 4085 tat
886 4029 927 4087 rii
941 4029 1024 4106 inag-
1062 4028 1139 4095 nerea,
1160 4048 1194 4084 ea
1208 4046 1292 4084 cartre
1305 4037 1446 4097 cariatone,
1466 4028 1517 4086 eti

429 4107 495 4171 arai,
511 4114 543 4160 ut
563 4104 658 4162 statim
679 4105 709 4162 in
728 4106 913 4182 sequentibus
933 4107 1024 4183 expli·
1055 4106 1189 4186 pulentus
1206 4107 1325 4188 (Polph.
1341 4107 1480 4176 xxxix,
1496 4111 1524 4166 2.

430 4195 522 4244 catur.
556 4188 568 4243 l
599 4184 676 4243 Petr.
700 4184 741 4254 ll,
767 4191 812 4244 ll.
836 4186 957 4263 diripiet·
978 4193 1024 4247 riv
1062 4194 1187 4269 cagnaula,
1202 4208 1267 4246 curu
1283 4208 1340 4263 quo
1352 4188 1437 4246 etiam
1449 4189 1512 4268 ireq

430 4268 552 4345 anguinis
566 4266 694 4337 ἐπιθυμῶν
715 4266 856 4325 abstinete
876 4268 912 4326 ab
934 4268 1024 4326 omni·
1062 4269 1210 4326 codicibus
1233 4269 1271 4335 N.
1292 4269 1326 4327 T.
1344 4281 1524 4347 permutatur

429 4345 484 4404 bus
499 4345 591 4422 pravis
605 4346 819 4422 cupiditatibus,
832 4348 934 4424 quibus
945 4349 1023 4418 olim,
1060 4370 1135 4407 caro.

429 4438 584 4504 antequam
599 4425 749 4485 formulam
763 4427 944 4486 christianam
964 4448 1025 4487 am·
1083 4433 1110 4488 2.
1131 4430 1335 4508 metaphorice,
1358 4433 1448 4490 relate
1465 4433 1502 4489 ad
1523 4459 1526 4482 ι

429 4508 508 4586 plexi
523 4505 631 4576 essetis,
645 4507 736 4584 abripi
749 4526 800 4565 vos
812 4509 886 4585 passi
901 4511 978 4568 estis.
1062 4511 1084 4568 si
1099 4519 1133 4588 τῷ
1147 4516 1225 4588 λιθίνῃ
1239 4512 1348 4592 lapidea
1363 4515 1518 4592 opponitur

451 4594 479 4647 6.
494 4589 582 4658 rudis,
596 4588 731 4657 indoctus,
746 4587 802 4646 tiro
813 4589 841 4646 in
857 4588 952 4669 aliqua
966 4591 1024 4649 dis·
1063 4604 1110 4649 cat
1123 4591 1247 4663 docilem,
1256 4615 1379 4672 paronam
1390 4596 1430 4652 ad
1438 4594 1526 4672 nupt.

429 4667 544 4746 cipiliaco,
558 4681 589 4727 et
599 4669 746 4747 speciatim
758 4689 766 4726 t
780 4670 828 4748 qni
838 4671 1024 4750 imperfectam
1063 4673 1219 4743 ceritatem,
1239 4675 1288 4752 qui
1295 4675 1389 4752 seruile
1403 4675 1520 4752 sestecti

430 4746 575 4828 religionis
588 4749 759 4809 christianae
776 4751 959 4830 cognitionem
974 4752 1025 4812 ha·
1064 4763 1090 4810 et
1105 4754 1248 4811 entendori
1255 4756 1376 4834 potitur.
1420 4755 1468 4814 Sic
1490 4776 1521 4815 se

430 4823 485 4901 det,
506 4831 690 4911 qainondam
710 4830 841 4901 tirocinia
860 4831 892 4903 iu
911 4831 1025 4919 religio.
1064 4844 1126 4895 tum
1146 4834 1252 4915 legitur
1275 4837 1305 4895 in
1326 4836 1364 4903 N.
1379 4836 1413 4897 T.
1434 4839 1510 4899 teo
