3052 5514
168 97 386 184 Σκάνδαλον.
644 121 648 133 ’
736 107 764 184 Σ
786 113 819 184 Κ
1005 207 1007 210 y
1164 107 1377 192 Σκάνδαλον.

134 258 245 335 possit,
270 258 307 340 (i.
321 278 351 336 q.
365 284 388 317 π
403 256 537 337 maura)
560 257 638 316 unde
654 277 758 317 anon·
792 269 886 318 morte
900 259 1008 320 Christi
1031 271 1151 321 cruenta
1170 262 1200 320 in
1221 280 1308 322 cruce
1324 265 1396 323 dioi-

139 338 362 418 nullisam‘gu
415 338 661 398 udiaaderivatur.
686 340 757 418 Spe·
793 350 841 399 tur
853 360 917 400 esse
931 340 1057 408 ἰννδιίννς
1078 341 1226 411 addeum
1246 345 1276 403 h.
1295 364 1320 404 e.
1342 348 1395 404 im-

138 420 267 479 ciutim:
287 419 468 486 obstaculum,
480 421 556 500 quod
567 421 698 479 insidiose
704 441 757 499 pa·
792 421 990 500 pedimenturn
1003 441 1088 483 verne
1108 425 1280 502 cognitionis
1300 438 1330 484 et
1348 445 1395 485 us·

134 501 239 570 nitur,
253 511 298 573 ut,
318 503 368 582 qui
380 510 538 570 transeunt,
553 503 653 582 pedem
671 505 757 581 effen·
792 523 903 574 sensns,
917 521 1012 573 0111111,
1027 522 1080 563 cur
1092 504 1174 563 multi
1188 505 1293 564 Judaei
1310 526 1394 586 repu-

134 583 241 642 dendo
254 580 381 649 laedam,
395 583 481 647 etiarn
497 592 565 654 rete,
579 584 656 662 quod
666 583 757 641 tendi·
793 583 874 643 dient
887 584 1046 643 doctrinam
1066 585 1256 645 christianam.
1298 587 1394 646 Galat.

134 673 193 722 tur
220 664 403 734 animalibus,
430 663 566 744 decipula,
594 662 757 742 muscipula,
795 665 831 735 V,
844 671 926 725 llari
940 664 1079 725 nisinun
1092 676 1136 727 ννῦ
1150 677 1258 748 canapi
1270 669 1394 727 narratio

134 746 189 803 vel
205 766 279 823 pars
299 750 370 824 ejus,
396 745 476 825 (vide
502 745 646 803 Wetstenii
664 746 704 802 N.
723 745 757 802 T.
795 746 836 804 de'
853 748 980 815 Christo,
1002 749 1031 803 in
1053 767 1169 810 crucem
1190 760 1266 819 acto,
1290 751 1396 828 quippe

136 827 177 884 T.
196 827 226 884 1.
240 849 271 905 p.
288 827 371 906 302.)
395 846 446 883 seu
467 827 562 902 potius
585 825 692 905 iignum
714 827 759 883 in·
795 847 868 905 quae
895 828 1000 886 multos
1027 828 1209 905 impediebat,
1245 833 1395 907 quominus

134 927 279 977 curvum,
304 929 357 986 quo
381 906 529 975 tendicula,
550 927 598 965 seu
621 906 758 986 decipula,
795 908 955 966 doctrinam
969 909 1005 966 de
1019 910 1091 968 Jesn
1104 909 1356 986 amplecterentur.

135 990 310 1047 sustinetur
323 999 349 1046 et
360 989 390 1046 in
405 989 479 1067 quod
489 988 643 1068 impingens
653 987 761 1046 animal
815 996 844 1047 4.
865 1011 953 1058 carne,
976 1010 1030 1068 quo
1054 989 1115 1070 quis
1137 990 1167 1048 in
1190 1011 1322 1061 errorem,
1350 993 1397 1051 vel

135 1071 240 1151 ipsam
266 1069 435 1128 tendiculam
456 1071 486 1126 in
511 1090 540 1127 se
561 1069 652 1127 subita
674 1069 759 1127 ruina
790 1080 934 1150 peccatum
949 1070 1101 1140 inducitur,
1121 1071 1213 1129 omnia
1235 1073 1398 1131 incitamen-

137 1149 761 1232 ευσήὶι,(1110111110ηοωῐηεσκανδάλητςνν,
795 1161 826 1208 ta
848 1152 887 1209 ad
908 1152 1086 1230 impietatem,
1108 1153 1165 1210 sine
1188 1154 1244 1210 sint
1266 1154 1397 1223 actiones,

141 1233 224 1291 item
251 1239 350 1290 σκῦλον
370 1231 474 1289 dicitur
501 1244 531 1289 et
552 1232 661 1308 legitur·
684 1231 760 1309 apud
796 1232 854 1291 siae
875 1253 1023 1303 sermonen,
1044 1233 1101 1291 sine
1121 1233 1176 1312 ipsi
1194 1234 1327 1305 hanzines,
1348 1235 1399 1313 qui

145 1313 373 1372 Alexandrinos
394 1313 483 1369 Dent.
504 1311 573 1382 VII,
588 1318 633 1373 16.
653 1323 684 1370 et
707 1314 761 1370 les.
797 1312 868 1371 alios
881 1314 1032 1372 vitiositate
1044 1336 1095 1372 sua
1109 1325 1299 1394 corrumpunt.
1328 1317 1400 1394 Spe·

143 1394 253 1460 LVII,
283 1399 329 1452 14.
370 1394 403 1449 In
432 1393 486 1450 hac
510 1394 624 1472 propria
646 1395 762 1452 notione
799 1393 893 1452 ciatim
910 1415 976 1452 vero
991 1395 1400 1474 itadicituronrue,quodrff-

141 1476 210 1534 hoc
227 1475 411 1542 uocabulum,
426 1474 503 1551 quod
516 1475 565 1532 vix
580 1476 656 1545 alibi,
677 1494 763 1551 qnam
798 1476 836 1533 cit
860 1484 887 1532 et
910 1476 1076 1533 occasionem
1092 1477 1217 1554 praebet,
1242 1487 1272 1534 ut
1297 1477 1400 1556 aliquis

143 1556 233 1634 apud
250 1557 413 1633 Scriptores
436 1555 472 1612 N.
487 1555 522 1614 T.
543 1567 573 1613 et
592 1557 763 1633 interpretes
799 1556 931 1614 desciscat
951 1576 968 1612 a
990 1555 1124 1633 religione
1144 1557 1308 1628 christusne,
1330 1579 1354 1616 v.
1373 1578 1400 1616 c.

146 1656 281 1715 graecos
296 1635 331 1693 V.
343 1637 377 1694 T.
391 1635 506 1713 legitur,
521 1635 670 1713 aliquoties
684 1655 765 1713 repe·
798 1635 980 1705 calamitates,
1014 1637 1224 1714 persecutiones,
1252 1639 1400 1718 denegatio

145 1719 230 1777 ritnr
245 1718 275 1775 in
296 1719 427 1776 versione
443 1715 528 1774 Alex.
549 1728 580 1775 et
599 1717 678 1774 libris
697 1736 766 1794 apo·
799 1717 981 1776 humanitatis
1009 1717 1157 1795 ‹fficiorunr
1193 1730 1250 1775 etc.
1293 1718 1400 1777 Matth.

149 1800 278 1878 cryphis
303 1799 338 1857 V.
354 1800 388 1856 T.
408 1819 434 1856 v.
449 1815 474 1855 c.
500 1797 592 1856 Isevii.
614 1798 696 1868 XIX,
722 1803 767 1856 14.
802 1798 887 1869 XIII,
908 1804 955 1858 41.
979 1801 1138 1871 συλλέξουσιν
1158 1801 1183 1857 ἀ
1204 1807 1245 1865 τῆς
1264 1799 1400 1868 durandus

149 1889 277 1940 «1111111111
291 1890 390 1949 sethri
411 1885 439 1939 sti
458 1884 597 1957 agnatione
618 1878 766 1946 satisdator,
800 1884 878 1940 αὑτοῦ
892 1881 977 1939 niusa
990 1885 1023 1939 111
1039 1877 1172 1938 assirim
1185 1899 1222 1937 ex
1237 1883 1298 1957 ejus
1312 1899 1401 1958 regno

152 1963 209 2019 ubi
225 1941 767 2042 111101110111511100121111ααί101,
801 1961 938 2037 colligent
954 1981 1054 2019 omncs
1074 1960 1184 2038 impios,
1206 1962 1254 2037 qui
1268 1960 1336 2020 aliis
1357 1981 1403 2020 er·

152 2087 176 2127 a
189 2051 263 2162 5οἒ
277 2068 440 2147 impingere,
454 2045 767 2147 offaiaereaaatiqmn,
803 2041 883 2099 randi
905 2054 936 2100 et
956 2041 1097 2119 peccandi
1119 2041 1299 2100 occasionem
1320 2061 1403 2120 prae·

152 2176 275 2235 ‘Iudith'
291 2175 327 2246 Vb
345 2181 370 2233 l·
390 2175 474 2241 ,ow
488 2176 508 2233 ἐν
521 2183 572 2241 τοῖς
590 2175 677 2241 mm
692 2177 769 2234 auis·
802 2122 891 2191 bent;
912 2123 952 2181 uti
976 2123 1071 2181 statim
1095 2123 1331 2200 insequentibus
1352 2143 1403 2182 ex·

153 2255 242 2316 Ma·
285 2255 319 2313 In
348 2258 476 2315 versione
506 2257 584 2315 Alex
614 2275 659 2314 res
719 2257 737 2314 d
803 2203 925 2281 plicatur
948 2222 966 2261 a
988 2204 1070 2274 Jesu,
1097 2203 1201 2261 additis
1225 2205 1336 2263 verbis:
1358 2210 1404 2265 να)

586 2299 593 2314 ·
660 2275 717 2334 Pon
739 2267 769 2315 ei
803 2287 859 2346 fais
882 2293 1010 2350 πονοῦντας
1033 2290 1074 2348 sis
1095 2286 1207 2361 (ἱννμῖαν,
1229 2285 1294 2343 0011.
1313 2305 1339 2342 v.
1355 2290 1404 2345 38.

157 2356 281 2416 ‘iumine
298 2337 435 2397 hebraim
456 2337 540 2429 ΨΒ
561 2336 686 2416 laquem’
709 2348 769 2396 κη’
803 2365 870 2424 ibid.
887 2365 998 2434 XVIII,
1013 2368 1040 2428 7·
1061 2369 1164 2443 111111τᾷ
1179 2369 1264 2443 κόσμῳ
1286 2373 1336 2424 riui
1357 2371 1405 2426 (ὅν

158 2444 270 2516 dicuin,
303 2444 441 2526 decipula.
485 2449 545 2506 Jos.
575 2445 687 2516 XXIII,
725 2452 771 2506 13.
805 2444 949 2505 rastitium
963 2473 987 2503 νι.
1001 2473 1026 2504 τ.
1039 2463 1066 2503 λ.
1081 2465 1165 2524 quem
1183 2447 1278 2503 locum
1301 2445 1337 2504 de
1357 2465 1405 2505 ca·

156 2526 254 2585 Judd.
269 2526 309 2591 11,
332 2533 359 2585 3.
384 2534 394 2584 l
416 2527 491 2585 Sam.
503 2526 616 2596 XVIII,
642 2530 689 2584 2l.
714 2539 771 2586 etc.
805 2527 978 2585 lumitatibus
997 2538 1027 2583 et
1046 2527 1292 2603 persecutionibus
1307 2527 1406 2584 Chris-

162 2605 621 2687 11119111.σννένδαλον·ἰμνννδννμν’ς.
645 2607 689 2667 cf.
705 2608 773 2668 Tot.
806 2608 946 2666 tianorum
968 2616 998 2663 et
1018 2607 1158 2676 omnibus,
1180 2626 1253 2684 quae
1268 2608 1407 2666 Christia-

160 2688 312 2746 Eekbardi
332 2689 507 2747 Technicaur
523 2690 640 2748 Sacram
660 2708 689 2766 p.
706 2693 772 2748 124.
807 2707 858 2746 nos
872 2688 908 2746 ad
923 2687 1112 2744 delectionem
1132 2706 1149 2744 a
1167 2687 1305 2765 religione
1319 2688 1409 2746 chris·

168 2769 248 2827 Hinc
262 2770 459 2849 metaphorice
807 2770 883 2826 tiana
897 2779 966 2826 tunc
980 2767 1132 2826 sollicitare
1146 2779 1289 2846 poterant,
1315 2769 1406 2846 expli·

187 2854 309 2908 20111111
324 2864 414 2918 notat,
429 2852 505 2930 qaod
513 2850 598 2909 alteri
609 2859 650 2908 est
659 2850 773 2929 pericu·
808 2850 930 2908 candum
958 2867 1030 2917 esse,
1055 2851 1114 2926 jam
1140 2863 1219 2907 recte
1246 2850 1408 2908 observavit

160 2928 253 2988 drusum
268 2943 296 2989 et
310 2933 431 3000 nauium,
446 2944 496 2990 aut
504 2931 642 3011 pcrrticiei
659 2931 775 3010 praebet
809 2929 969 2988 Noesseltns
988 2930 1016 2986 in
1031 2929 1185 3007 Opusculis
1204 2928 1241 2987 ad
1262 2929 1408 3007 Interpre-

167 3013 346 3071 accasionem.
369 3013 417 3071 Sic
432 3014 536 3090 legitur
550 3013 578 3070 in
595 3014 632 3070 N.
642 3013 676 3071 T.
689 3013 773 3071 Rom.
807 3011 945 3070 tationem
961 3011 1065 3087 Script.
1077 3012 1156 3070 Sacr.
1170 3010 1205 3068 T.
1217 3011 1240 3068 I.
1254 3032 1282 3087 p.
1299 3015 1336 3070 16
1346 3030 1408 3090 seq.

171 3091 224 3162 XI,
244 3102 273 3154 9.
293 3102 409 3166 γενηθήτω
424 3097 436 3156 i
451 3094 705 3174 redarguemini
720 3121 774 3152 πα·
808 3093 889 3151 Idern
913 3092 988 3149 valet
1010 3091 1047 3149 de
1071 3092 1136 3149 loco
1158 3092 1231 3149 Luc.
1254 3092 1351 3159 XVII,
1381 3096 1409 3153 1.

169 3172 232 3246 peda
246 3181 292 3234 sai
306 3190 337 3240 sie
350 3177 428 3254 Meus
442 3183 487 3233 uui
501 3172 691 3244 sisa-uindicias,
705 3174 734 3232 h.
748 3193 774 3232 e.
810 3173 894 3231 Rom.
908 3172 960 3239 IX,
977 3177 1023 3232 33.
1038 3183 1068 3230 et
1086 3178 1097 3231 I
1117 3172 1194 3230 Peir.
1210 3172 1249 3242 II,
1264 3177 1291 3235 7.
1306 3173 1371 3232 coil.
1382 3193 1409 3232 v.

171 3255 323 3314 fortunatis
337 3257 404 3334 ipsis
419 3256 564 3314 calamitas
578 3275 698 3323 summa,
721 3254 774 3311 nri·
809 3259 837 3312 8.
862 3254 992 3311 Christus
1016 3253 1121 3311 dicitur
1148 3255 1227 3334 πένςα
1255 3253 1408 3327 σκανδάλου,

171 3338 243 3395 seria
257 3348 289 3394 et
302 3337 445 3414 pernicies
459 3337 580 3394 eveniat.
602 3336 698 3394 Verba
708 3346 775 3393 sunt
809 3347 950 3412 quatenus
970 3334 1051 3391 multi
1074 3334 1186 3399 ludaei,
1209 3336 1334 3410 inprimis
1355 3337 1410 3393 hu.

172 3417 339 3476 desumtae
362 3418 427 3477 loco
449 3418 495 3476 Ps.
509 3417 620 3486 LXIX,
641 3421 689 3475 22.
731 3416 777 3474 Ita
810 3415 870 3472 mili
894 3413 1000 3472 Christi
1021 3416 1184 3472 conditione
1208 3416 1237 3471 in
1261 3416 1304 3472 his
1326 3417 1409 3474 terris

173 3497 311 3557 ννένδαλνν
338 3500 424 3558 etiam
450 3500 570 3556 sumitur
594 3497 623 3554 in
645 3497 775 3555 versione
809 3496 934 3573 decepti,
956 3504 987 3552 et
1006 3495 1063 3552 suis
1082 3495 1298 3572 praeoccupatis
1318 3498 1410 3574 opini-

175 3580 262 3637 Alex.
275 3581 337 3639 dos.
354 3580 466 3649 XXIII,
479 3585 524 3639 13.
810 3578 910 3634 onibus
922 3576 1042 3653 abrepti,
1054 3575 1211 3633 doctrinam
1224 3580 1286 3654 ejus
1299 3579 1411 3655 rejicie-

194 3668 219 3718 3.
233 3681 314 3719 omne
328 3661 561 3738 impedimentum,
576 3660 625 3730 ita,
640 3672 672 3716 ut
683 3658 720 3715 do
731 3676 776 3716 re·
810 3659 879 3715 bant
892 3670 921 3715 et
937 3658 976 3715 itu
990 3657 1102 3714 sibimet
1117 3658 1168 3734 ipsi
1186 3659 1326 3716 miseriam
1342 3680 1411 3718 con·

175 3739 225 3798 bus
238 3753 270 3800 et
280 3740 318 3799 de
329 3743 457 3819 personis
468 3742 647 3799 adhibeatur.
670 3739 776 3797 Mutth.
809 3739 969 3796 trahebant.
996 3737 1080 3795 Rom.
1095 3737 1176 3807 XIV,
1194 3743 1239 3797 13.
1259 3747 1287 3797 si
1300 3745 1334 3814 μὲν
1349 3742 1412 3801 atti·

176 3820 256 3892 XVI,
269 3825 319 3881 23.
334 3823 382 3882 ubi
397 3822 527 3881 Christus
539 3822 635 3890 Petro,
647 3821 696 3900 qui
710 3840 776 3878 cunr
812 3847 848 3878 ναν
864 3822 1017 3901 πςὸνκνμαα
1036 3827 1069 3896 τῷ
1083 3816 1182 3897 ἀδελφῷ
1195 3819 1209 3883 {l
1223 3819 1360 3879 σκάνδαλον
1374 3841 1411 3880 ne

179 3901 321 3961 deterrere
335 3904 479 3971 studebat,
502 3923 538 3961 ne
555 3922 585 3960 se
606 3901 726 3960 interfici
740 3901 777 3959 si·
811 3902 896 3958 ullam
912 3901 1079 3960 Christianis
1092 3901 1241 3977 peccandi,
1254 3910 1303 3957 aut
1313 3921 1413 3958 0111111-

179 3997 270 4054 neret,
288 3985 376 4045 dicit:
398 3982 536 4043 adrianis
549 4011 599 4059 μου
612 4009 640 4053 u,
662 3983 690 4041 h.
704 4001 731 4041 e.
745 3995 777 4040 tu
810 3982 837 4040 di
854 3983 1032 4040 occasionem
1046 3981 1216 4058 praebeatis.
1251 3981 1317 4037 ibid.
1329 3981 1411 4054 XVI,

181 4064 243 4122 mihi
253 4069 313 4142 jam
329 4065 534 4142 impedimento
549 4083 589 4133 es,
611 4075 641 4121 tu
656 4083 776 4121 avocare
813 4069 858 4124 17.
870 4067 923 4127 τοὺς
935 4070 980 4128 τὰς
995 4063 1159 4138 >extenuatae
1173 4068 1217 4120 καὶ
1230 4066 1264 4119 si
1279 4059 1412 4124 andriani

182 4162 222 4203 mo
235 4147 333 4205 studes
346 4164 364 4203 a
377 4145 495 4204 consilio
507 4145 624 4222 parendi
638 4144 777 4202 voluntati
810 4154 937 4209 πονοῦντας
953 4146 987 4201 ah
999 4144 1160 4200 horninibus
1169 4142 1293 4199 factiosis
1303 4153 1333 4199 et
1341 4143 1412 4203 ulios

186 4225 300 4298 divinae,
319 4247 380 4296 seu,
406 4237 438 4284 111
460 4227 545 4283 etiam
569 4225 639 4284 verti
661 4236 777 4303 posset:
811 4225 941 4281 electrina
955 4244 1005 4281 sua
1024 4225 1130 4300 pariter
1150 4242 1184 4279 nc
1205 4223 1263 4279 vita
1283 4240 1411 4282 corrum-

188 4317 215 4363 tu
227 4310 292 4366 mihi
305 4309 357 4366 das
378 4307 496 4367 consilia
516 4307 599 4377 mala,
620 4307 729 4363 inutilia
749 4318 779 4362 et
810 4305 952 4381 peruihns.
980 4309 990 4361 l
1022 4303 1089 4360 11111.
1118 4302 1158 4371 11,
1190 4308 1235 4360 10.
1261 4310 1306 4362 καὶ
1333 4307 1413 4365 σκάν-

189 4391 345 4463 perniciosn.
383 4394 396 4447 1
414 4390 481 4448 Cor.
496 4388 520 4460 I,
535 4391 583 4459 23.
597 4388 728 4446 doctrina
742 4386 778 4443 de
810 4385 885 4444 issu
900 4388 920 4444 h
933 4390 1000 4460 αι’τῷ
1021 4387 1064 4442 νύν
1078 4380 1129 4442 iau
1151 4395 1181 4442 et
1199 4403 1287 4460 purus
1309 4397 1353 4444 est
1374 4388 1412 4477 ab

1332 4483 1413 4526 omnt
