3052 5514
159 488 346 595 'Inigene
708 487 745 560 Υ
760 490 797 564 Π
1167 472 1368 586 ‘Tenebrae

190 639 379 710 ‘rnslxoon
393 664 431 708 u,
445 640 468 710 t,
482 630 738 707 tolumnius
776 652 855 694 suae.
895 630 963 691 ibid.
980 629 1047 703 XX,
1061 635 1111 693 34.
1141 631 1181 692 ’.ἐι
1204 637 1266 698 ταῖς
1289 638 1384 718 W'

138 727 264 793 audiens,
279 719 464 800 obsequiosus,
485 717 617 796 moriger,
637 711 739 774 obtem·
776 743 827 795 μου
838 720 883 776 ul
895 721 946 780 τοῖς
960 712 1013 774 abes
1036 715 1092 792 μα’
1111 716 1172 789 bus
1185 715 1341 797 ingiam
1351 726 1377 780 ab

132 827 251 888 perans,
273 805 309 863 ab
329 801 448 864 bumba
463 798 569 858 obedio.
598 796 656 854 Ter
676 804 739 853 ton·
777 804 856 880 χιῒςις
875 796 955 856 absus
978 795 1047 855 mihi
1068 796 1199 876 meisque
1213 798 1268 857 has
1280 817 1377 861 mooun

140 901 202 947 tum
225 886 331 963 legitur
351 883 382 941 in
406 881 443 939 N.
458 880 493 938 T.
514 880 584 939 Act.
597 876 666 946 Vll,
691 881 740 936 39.
777 896 857 937 meas
877 877 1073 956 suppeditasse
1100 880 1275 940 necessaria.
1314 881 1379 943 ibid.

139 969 160 1048 ᾗ
173 972 343 1032 obtusam
357 966 456 1028 business
470 961 578 1034 meister
598 961 619 1016 οἱ
638 957 740 1037 numm
779 959 891 1029 XXIV,
905 964 953 1019 23.
980 957 1128 1038 ulpndirae
1141 961 1379 1024 unbaseffitibs

140 1055 205 1126 ipis
226 1049 274 1107 cui
293 1048 416 1122 majores
438 1042 528 1101 nostri
546 1038 739 1099 obedientiam
778 1044 857 1103 absos
884 1047 1007 1122 besenes
1031 1045 1100 1120 abr?
1133 1059 1188 1100 nec
1218 1063 1379 1124 quenquam

139 1142 285 1209 praestare
309 1125 472 1184 noluerunt.
502 1126 521 1181 2
536 1123 603 1181 Cor.
617 1118 658 1190 II,
673 1125 702 1180 9.
721 1125 741 1180 u'
779 1141 896 1180 suorum
908 1121 1083 1200 prohiberet,
1097 1121 1151 1200 ipsi
1164 1124 1379 1186 subministrare

140 1219 172 1277 ds
186 1212 273 1271 edm
287 1208 451 1272 baetem‘im
464 1224 500 1263 nn
513 1200 551 1261 ed
565 1200 660 1259 omniu
673 1200 741 1259 obe·
779 1203 939 1263 necessarie
962 1214 993 1262 et
1015 1214 1129 1297 gratum
1156 1204 1267 1265 fecere.
1309 1207 1380 1266 Eon-

142 1291 254 1350 dientes
267 1290 336 1349 sitis.
367 1285 490 1365 Philipp.
504 1283 544 1353 II,
559 1288 587 1342 8.
609 1281 740 1341 Christus
779 1283 846 1343 dem
879 1284 1116 1363 significationem
1149 1284 1242 1345 hebet
1269 1307 1380 1368 qunque

141 1373 248 1431 dieitur
260 1370 347 1428 fuisse
361 1369 428 1427 Deo
448 1370 551 1431 bedu«
564 1364 640 1444 μίχςι
658 1365 740 1422 berd-
779 1372 903 1447 bnngmis
922 1365 1000 1444 epud
1022 1365 1156 1445 Euripid.
1178 1367 1211 1425 in
1236 1367 1381 1429 Phoenins.

142 1463 197 1522 τοῦ,
217 1452 246 1510 h.
260 1471 286 1510 e.
307 1449 432 1528 negotii,
446 1447 499 1506 sibi
513 1466 531 1505 a
544 1446 610 1503 Deo
623 1443 741 1502 deman·
779 1465 807 1504 v.
823 1451 911 1509 1785.
943 1445 1069 1526 Xenopb.
1082 1447 1113 1504 in
1126 1447 1238 1527 Cyrop.
1254 1449 1310 1522 IV,
1324 1455 1380 1512 6.ss

143 1534 220 1604 duta,
235 1542 411 1610 exsequutus
424 1547 486 1588 esse
501 1543 591 1604 usque
612 1523 648 1582 ad
665 1543 742 1582 mor·
780 1538 812 1586 et
826 1532 854 1587 3.
882 1530 914 1587 rb
934 1529 1201 1604 ipirrr'sirrlrsirrur
1216 1535 1380 1613 ὑπςηίηιςς

145 1624 204 1674 tem
224 1615 317 1673 crucis
339 1622 370 1670 et
390 1610 529 1668 hactenus
549 1606 623 1687 petri
644 1603 743 1664 obedi·
780 1619 812 1667 et
826 1608 855 1666 in
871 1608 961 1667 Mem.
976 1608 1016 1679 II,
1037 1628 1101 1688 cap.
1114 1615 1144 1669 4.
1158 1614 1186 1672 7.
1217 1608 1346 1674 libid
1357 1639 1381 1674 η

144 1696 227 1754 visse.
269 1691 431 1769 Aliquoties
445 1690 532 1749 etium
547 1689 603 1745 hoo
623 1685 743 1765 adjecti·
781 1697 858 1772 viga,
881 1691 979 1767 indm
1006 1697 1159 1772 ὑηςποῦσι,
1186 1697 1237 1752 ub
1259 1699 1383 1771 ips-spu

145 1796 211 1834 vum
225 1775 254 1832 in
267 1774 397 1832 versione
417 1770 506 1830 Alex.
520 1767 661 1848 reperitur
680 1785 745 1846 per·
782 1774 911 1852 arguebas.
961 1770 1027 1829 Alie
1047 1782 1178 1830 veterum
1204 1773 1383 1854 Scriptomm

145 1857 197 1916 tim
211 1857 248 1915 de
261 1853 429 1931 minuistis
439 1854 590 1932 parentum
603 1847 746 1908 audienti·
783 1853 858 1922 loco,
878 1851 937 1910 huc
955 1852 1136 1930 pertinentia,
1151 1853 1274 1932 collegit
1287 1856 1384 1916 Imb-

144 1939 209 2008 bus,
223 1947 275 1996 eut
288 1935 324 1995 de
338 1933 510 2003 hominibus,
525 1929 686 2012 praeceptis
700 1948 744 1988 se·
782 1931 861 1992 obius
883 1932 914 1990 iu
935 1932 1068 1992 Excusso
1088 1933 1126 1992 nd
1140 1935 1310 1995 Herodian.
1322 1937 1346 2007 l,
1358 1943 1384 1998 4.

146 2018 271 2099 pientiae
284 2036 319 2076 ec
341 2015 454 2074 virtutis
473 2010 746 2091 obtemperantibus,
787 2018 832 2073 18.
854 2012 889 2070 Τ.
903 2012 927 2072 Ι.
949 2033 979 2092 p.
993 2019 1052 2074 855
1075 2033 1135 2093 seq.
1158 2026 1190 2074 et
1221 2017 1384 2080 Werueniu

146 2120 174 2158 r.
189 2119 215 2158 c.
229 2101 313 2157 Pron.
327 2097 380 2169 IV,
396 2101 423 2156 8.
445 2094 531 2165 XIII,
547 2099 573 2152 1.
600 2091 682 2162 XXI,
697 2094 746 2151 28.
785 2094 826 2155 Ν.
840 2093 875 2153 Τ.
889 2094 925 2152 Τ.
938 2094 978 2152 11.
990 2114 1019 2174 p.
1028 2099 1087 2156 588
1096 2114 1157 2175 seq.
1179 2096 1313 2158 Pbaoor.
1327 2107 1384 2165 1η·

146 2181 250 2260 partim
264 2197 333 2239 vero
353 2180 391 2237 de
410 2176 533 2256 populis,
556 2173 606 2253 qui
626 2173 747 2250 ulieujus
785 2179 845 2258 gub
858 2180 903 2236 ul
918 2183 1093 2258 tngnsbpu,
1115 2179 1156 2237 lael
1175 2186 1223 2239 τοῦ
1237 2184 1327 2242 αὑτοῦ.
1355 2181 1385 2242 sis

147 2261 268 2341 imperio
291 2259 481 2337 suinciuntur
504 2268 536 2314 et
555 2254 695 2313 tributarii
715 2253 748 2310 fi·
786 2265 814 2316 sl
834 2258 878 2335 pis
891 2256 1094 2332 slyen-sauses·
1113 2264 1141 2318 sl
1162 2255 1219 2319 li·
1316 2271 1385 2340 epa,

147 2354 212 2415 unt,
225 2362 253 2400 v.
266 2361 292 2400 c.
302 2342 391 2400 Dent.
401 2337 468 2410 XX,
482 2341 527 2396 ll.
541 2348 572 2395 et
581 2336 642 2395 boe.
648 2334 748 2404 XVII,
785 2342 859 2421 rapui
872 2343 922 2404 reis
934 2339 1068 2406 Ἀττικοῖς.
1088 2336 1196 2405 81λᾶὶῖ
1209 2348 1240 2401 nb
1270 2349 1366 2406 ιωιὸ.

151 2428 198 2484 13.
239 2422 326 2481 Adde
344 2419 469 2501 Ttmyd.
484 2417 535 2488 Vl,
555 2437 582 2476 c.
594 2420 643 2476 69.
678 2415 748 2484 vll,
839 2416 1048 2490 'innuerem
1074 2447 1112 2491 ss,
1139 2425 1161 2491 t,
1199 2426 1228 2481 1.
1256 2425 1384 2504 proprie:

147 2524 176 2562 o.
202 2507 250 2565 57.
270 2508 315 2563 nal
341 2502 452 2577 scirpis
475 2499 583 2563 insius
604 2502 650 2557 ul
671 2497 747 2578 pigna
786 2519 890 2571 renes,
919 2501 968 2593 qui
997 2500 1063 2560 aliis
1082 2502 1185 2573 subest,
1212 2522 1268 2564 seu
1293 2505 1383 2566 subre-

150 2588 284 2645 brmsnbs.
316 2580 444 2661 Xenopb.
457 2579 495 2638 de
511 2579 582 2656 Rep.
598 2577 707 2636 Athen.
721 2596 748 2635 c.
786 2601 859 2654 mes,
882 2601 930 2660 qus
953 2601 1065 2661 operum
1087 2580 1269 2664 laboremque
1289 2608 1385 2668 praes·

150 2664 192 2733 ll,
214 2669 243 2724 8.
284 2662 368 2723 Conf.
395 2659 538 2721 Irmisebii
565 2659 687 2718 Excurs.
710 2657 748 2717 ed
785 2671 830 2721 tat
854 2661 1048 2744 gubernatori,
1080 2681 1133 2722 seu
1159 2665 1275 2726 domino
1299 2669 1385 2737 nanis,

149 2744 310 2805 Herodian.
325 2744 350 2816 l,
365 2746 394 2802 2.
407 2747 435 2802 8.
449 2761 478 2822 p.
492 2743 560 2801 802.
787 2752 819 2802 ut
832 2763 865 2803 ea
881 2743 1085 2824 progrediatur
1098 2752 1126 2804 et
1141 2746 1331 2825 provebatur,
1351 2751 1384 2809 el)

201 2822 411 2896 ‘insinuem
435 2829 464 2894 ὅ,
487 2822 541 2881 sut.
559 2823 619 2895 tea,
635 2824 662 2881 l.
681 2838 748 2900 pro·
788 2831 836 2887 ses
863 2835 894 2884 et
920 2826 1004 2907 egles„
1027 2852 1065 2898 u,
1093 2829 1115 2896 ὅ,
1138 2846 1243 2898 renes,
1274 2829 1384 2908 hocque

148 2907 226 2988 prie:
249 2907 415 2985 subremigo,
438 2904 581 2964 snbremea
594 2923 664 2971 sum,
684 2922 748 2981 ope·
788 2925 806 2964 u
829 2912 848 2966 9
869 2925 943 2985 pers.
970 2916 1060 2984 praet.
1087 2925 1162 2984 pass.
1189 2908 1283 2991 lgneus,
1311 2912 1385 2970 verbi

148 3010 209 3048 rom
223 2988 399 3067 laboremque
417 2993 532 3066 praesto
551 2982 747 3065 gubernatori,
787 2988 881 3070 blm,
898 2986 940 3045 rel
954 2989 1037 3069 ipis-ro
1054 2987 1168 3068 remigo.
1210 2990 1262 3049 Sic
1285 2991 1386 3070 legitur

148 3091 201 3130 seu
213 3070 324 3129 domino
338 3068 428 3138 navis,
451 3076 481 3124 nt
495 3086 528 3124 ea
543 3064 749 3145 progredietur
788 3069 864 3146 opud
880 3068 1091 3127 Demostbenem
1116 3089 1145 3148 p.
1163 3073 1250 3132 1209.
1274 3079 1322 3130 11.
1342 3073 1385 3133 etl.

146 3164 234 3229 atque
250 3149 434 3231 provebatur,
458 3148 495 3205 ab
520 3145 646 3227 brngs'rnn
670 3143 747 3223 quod
789 3148 899 3218 Reislre,
924 3148 973 3206 ubi
994 3151 1122 3232 brugias,
1146 3150 1269 3212 inuideas
1287 3165 1318 3212 et
1332 3162 1384 3216 nb·

147 3234 221 3292 vide.
258 3231 306 3292 Sic
321 3230 393 3290 sumi
407 3229 520 3287 videtur
534 3245 551 3285 a
566 3225 747 3305 Xenopboute
788 3256 842 3300 ear,
869 3240 902 3287 ut
929 3229 1042 3301 diversi,
1069 3232 1251 3308 copulentur.
1301 3235 1386 3313 Apud

147 3314 176 3372 in
192 3315 303 3372 Oecon.
318 3311 401 3379 Vlll,
420 3314 464 3369 16.
495 3308 544 3365 ubi
565 3307 602 3365 de
623 3319 747 3384 tempes-
789 3310 922 3369 Eundem
938 3329 965 3368 v.
979 3330 1006 3369 c.
1027 3331 1056 3389 p.
1073 3316 1160 3371 1208.
1173 3317 1222 3373 20.
1240 3318 1327 3375 1214.
1342 3321 1385 3376 23.

147 3405 208 3453 tate
220 3394 312 3462 moris,
327 3392 421 3450 uDeo
434 3389 570 3459 excitata,
585 3406 679 3445 sermo
692 3396 746 3454 est.
791 3395 876 3451 1216.
894 3396 939 3451 18.
960 3403 990 3449 et
1007 3396 1092 3455 1217.
1113 3396 1142 3451 2.
1167 3400 1287 3477 bagnuls
1307 3397 1384 3455 mini-

147 3478 186 3535 ἰὰν
200 3473 224 3534 tt
237 3483 281 3534 ui
296 3475 460 3537 odraus&
483 3477 659 3553 ingrestum
673 3469 747 3549 σάζῃ,
787 3484 861 3530 atros
888 3473 1001 3531 novales
1030 3472 1183 3551 significat,
1217 3477 1386 3538 diversunt

147 3585 173 3614 κ.
188 3583 213 3616 τ.
228 3573 254 3613 λ.
787 3554 882 3611 nautis
896 3564 925 3611 et
937 3574 956 3612 a
969 3554 1106 3612 militibus
1119 3555 1280 3618 classiariis.

168 3640 195 3695 2.
216 3635 431 3702 ministerium,
454 3629 745 3710 ministrmsnmular,
808 3637 836 3692 2.
857 3633 984 3693 minister
996 3633 1120 3714 quilibet,
1143 3657 1252 3711 amores,
1275 3640 1385 3722 appari·

147 3718 194 3776 vel
215 3716 355 3786 obsolute,
379 3714 457 3792 opud
480 3713 601 3774 Lueiun.
616 3712 655 3782 ll,
678 3717 748 3772 440.
786 3724 850 3784 tor,·
872 3717 1020 3792 speciatim
1041 3735 1127 3776 vero:
1151 3718 1281 3779 minister
1296 3718 1385 3802 publi·

148 3797 195 3858 ed.
209 3797 324 3867 Reitzii,
346 3796 415 3860 bens
436 3799 482 3855 ebs
506 3799 680 3876 ingemueris,
703 3793 748 3851 vel
786 3816 845 3867 ons,
872 3815 923 3855 seu
949 3798 1097 3877 apparitor
1119 3800 1315 3880 magistratus,
1341 3801 1386 3882 qni

148 3897 215 3937 cum
237 3878 334 3937 dativo
357 3894 506 3955 personae,
530 3875 606 3953 opud
628 3873 748 3933 Plutor·
776 3877 887 3958 judicis
905 3879 1068 3937 sententiam
1091 3878 1120 3937 in
1144 3900 1206 3940 reos
1219 3885 1386 3964 exsequitur,

147 3959 227 4017 obum
251 3960 288 4017 de
314 3959 472 4017 Puerorum
496 3957 618 4016 Educet.
641 3955 696 4028 VI,
721 3959 747 4014 1.
787 3958 836 4038 qui
849 3958 922 4017 alins
936 3962 1056 4042 egdorag
1070 3970 1100 4018 et
1113 3967 1265 4034 ὲηιητὲς,
1289 3976 1319 4023 et
1340 3965 1385 4023 he·

149 4040 197 4099 ed.
213 4041 353 4120 Heusing.
389 4038 469 4097 Hinc
787 4038 884 4099 braice
902 4047 948 4118 11η
972 4039 1053 4178 §vide
1075 4041 1231 4123 Vitringam
1246 4045 1287 4104 de
1301 4047 1385 4125 Syne-

170 4127 197 4181 3.
221 4141 321 4200 pareo,
348 4118 493 4198 obsequor,
524 4117 651 4178 obediens
677 4137 748 4177 sarm.
788 4139 865 4198 gogo
879 4121 943 4179 Vei„
958 4121 971 4178 I
991 4122 1015 4190 l,
1029 4141 1055 4180 c.
1064 4125 1092 4180 2.
1106 4142 1135 4200 p.
1148 4128 1235 4184 1019.
1250 4137 1282 4186 et
1297 4127 1387 4186 Rben·

151 4201 295 4281 Aristopb.
311 4200 396 4278 Vesp.
405 4220 431 4257 v.
442 4205 510 4260 516.
522 4198 648 4279 Xenopb.
657 4197 748 4257 Mem.
774 4202 921 4282 firdiram
942 4245 949 4260 .
965 4202 1049 4281 826.)
1066 4203 1153 4263 latine
1166 4203 1261 4276 lictor,
1278 4208 1335 4267 diei
1346 4229 1387 4267 se·

149 4283 205 4353 Ill,
220 4289 249 4342 5.
269 4288 314 4341 18.
334 4283 423 4341 Diod.
440 4281 495 4339 Sic.
509 4281 534 4350 I,
552 4285 617 4340 119.
787 4280 880 4352 lebat,
895 4283 912 4364 (·
943 4283 989 4341 ion
1010 4303 1032 4340 s.
1041 4284 1111 4342 Hui.
1123 4285 1162 4342 11.
1172 4291 1257 4364 pou.
1270 4290 1386 4348 stans.

119 4378 127 4393 ·
169 4370 198 4423 4.
219 4363 339 4422 inservio
361 4361 480 4439 alicujus
500 4362 565 4419 usui
585 4369 613 4419 et
633 4380 750 4420 omnmo·
793 4364 862 4443 Tyr.
884 4364 960 4422 Dies.
1041 4364 1122 4438 XIX,
1146 4386 1175 4444 p.
1189 4371 1279 4450 406.)
1307 4371 1388 4430 etiam

148 4445 195 4515 do,
216 4444 357 4522 satisfizcio
378 4441 496 4522 uturum
509 4441 665 4514 desideriis,
685 4463 750 4534 sup-
787 4445 915 4503 minister
926 4465 1097 4525 synagogae,
1111 4448 1161 4526 qui
1173 4449 1286 4510 minora
1300 4471 1389 4510 mnne·

144 4526 243 4605 pedito
257 4523 343 4584 alicui
357 4522 521 4593 necessaria,
539 4525 750 4604 gratumfaero.
789 4545 823 4584 ra
839 4526 868 4584 in
882 4546 988 4605 synago
1009 4546 1037 4597 a,
1058 4547 1092 4585 es
1108 4529 1220 4588 &meto
1233 4532 1392 4615 arebiryno·

151 4606 201 4663 Sic
215 4617 259 4664 ter
273 4616 384 4663 tontum
398 4604 503 4682 legitur
517 4605 546 4661 in
567 4604 604 4662 N.
619 4604 654 4662 Τ.
682 4606 751 4662 Act.
786 4607 856 4688 gagi
876 4618 902 4664 et
918 4547 1156 4687 presbyterorum,
1180 4610 1286 4685 obibot,
1309 4624 1391 4674 nce·

151 4685 237 4756 Xlll,
252 4691 300 4745 36.
321 4684 404 4745 nabab
417 4688 460 4760 μὲν
473 4689 525 4766 pal<
539 4682 592 4765 bap
605 4689 675 4764 γινιᾷ
688 4691 751 4750 bn·
780 4692 835 4767 jus
856 4708 955 4746 munus
978 4688 1053 4747 inter
1076 4700 1187 4750 anetem
1211 4703 1278 4754 erut
1295 4694 1393 4755 ἱίῠπιη

149 4772 249 4848 prices
265 4765 393 4824 Derides
405 4765 531 4844 quidem,
545 4777 695 4844 postquem
709 4766 753 4822 in·
789 4767 861 4848 Iegis
875 4769 1015 4829 custodire
1031 4779 1069 4842 et,
1091 4772 1118 4831 si
1131 4792 1201 4852 opus
1214 4786 1297 4847 esset,
1319 4797 1353 4837 ee
1364 4797 1394 4836 m

150 4845 249 4904 serviit
281 4845 439 4906 commodis
471 4845 620 4907 hominum
652 4845 755 4908 aetatu
784 4848 960 4933 praelegere,
981 4849 1062 4926 item,
1084 4855 1108 4913 si
1122 4854 1236 4936 regibus
1252 4858 1396 4929 tribuitur,

1313 4959 1398 5001 omns-⁴
