3052 5514
79 500 264 594 Σεέαστός.
633 507 664 586 Σ
685 508 716 583 Ε
1179 503 1285 587 Σέίω.

64 655 132 716 min
145 656 280 738 religioso
290 656 498 738 prosequimur,
511 675 581 718 mox
594 675 664 716 vero
698 671 812 730 nempe,
833 653 881 731 qui
902 664 974 714 tunc
996 654 1191 716 Romanorum
1213 659 1304 737 impe-

61 758 107 816 per
130 739 338 818 metonymiam
364 740 400 797 de
427 738 503 799 cultu
530 738 662 818 religioso
700 746 779 793 rator
810 747 882 795 erat.
919 736 958 794 ib.
985 737 1111 807 XXVII,
1144 745 1169 798 1.
1207 744 1304 821 σπιίςης

60 821 115 900 mro
129 832 161 879 et
174 821 301 880 mnnibns
316 820 408 891 relus,
422 820 512 880 cultui
523 841 604 879 sacro
618 819 664 878 in·
701 815 828 882 entonis
858 817 985 875 cohortis
1019 838 1036 876 e
1069 820 1193 897 legione,
1229 840 1303 902 quae

60 901 252 972 servientibus,
287 902 450 970 adhibetur,
486 912 517 961 et
550 899 664 981 templo,
701 898 836 974 Augusta
856 897 979 965 dicitur;
1001 899 1039 957 de
1060 920 1118 978 qua
1138 902 1202 961 vide
1229 904 1304 960 Wet·

59 1003 135 1050 orna,
170 984 323 1062 sacrficiu,
357 984 493 1063 imagines
525 985 665 1052 Deorum,
700 979 783 1037 nenia·
798 980 838 1037 N.
856 979 889 1037 T.
911 980 947 1037 T.
969 979 1008 1050 ΙΙ,
1030 1001 1058 1059 p.
1072 987 1141 1043 636.
1184 983 1303 1062 Saepius

60 1064 171 1141 aliaque
186 1065 229 1123 his
244 1065 345 1124 similia
359 1065 571 1143 complectitur.
611 1064 665 1121 Est
700 1059 730 1118 in
745 1059 783 1118 N.
796 1060 831 1117 T.
844 1079 903 1117 non
916 1062 1030 1138 legitur.
1065 1063 1219 1123 Caeterum
1235 1085 1304 1123 con-

59 1145 134 1203 euim
151 1147 265 1205 verbale
279 1146 402 1224 aprima
416 1166 490 1224 pers.
504 1146 577 1225 perf.
591 1164 664 1225 pass.
700 1151 766 1210 stat,
792 1140 931 1212 Graecos,
959 1162 1025 1200 cum
1050 1144 1157 1202 vellent
1183 1147 1305 1205 latinum

58 1225 221 1301 sociisque,
243 1229 322 1285 verbi
343 1225 484 1306 συζάζομα.
500 1227 569 1299 colo,
583 1246 665 1285 oene-
700 1231 835 1302 angustus
850 1242 907 1281 non
928 1235 987 1282 tem
1008 1235 1132 1296 vertere,
1153 1247 1238 1304 quam
1260 1228 1304 1285 in-

58 1328 115 1365 ror.
160 1308 210 1365 Bis
234 1319 346 1366 mutum
370 1308 400 1366 in
426 1310 462 1368 N.
487 1308 521 1369 T.
548 1308 664 1386 legitur.
701 1304 862 1380 terpretan,
885 1323 951 1362 usos
974 1324 1038 1363 esse
1059 1308 1231 1385 cognomine
1257 1322 1305 1368 zr-

61 1389 129 1446 Act.
157 1388 255 1458 XVII,
280 1392 328 1449 33.
357 1396 492 1471 ὶνιθιωςῦι
514 1394 548 1450 mi
573 1387 666 1450 ..ζέει
700 1383 798 1445 ΰαποῦ
811 1384 848 1443 de
859 1385 1078 1462 imperatoribus
1094 1389 1240 1458 Romanis,
1255 1389 1306 1468 qui
1409 1447 1412 1451 ,

57 1496 133 1545 ματα
149 1474 217 1546 ofin
231 1489 297 1527 cum
311 1469 482 1548 inspicerem
503 1490 549 1528 res
570 1488 666 1528 sacras
700 1465 789 1524 latine
819 1466 942 1546 Augusti
972 1479 1003 1527 et
1039 1471 1152 1549 Semper
1181 1471 1305 1552 Augusti

58 1561 175 1620 vestras,
200 1570 241 1608 sc.
263 1550 381 1628 templu,
403 1551 565 1619 simulacra,
589 1570 664 1621 aras,
701 1566 738 1624 ap
776 1546 927 1606 liubantur.
963 1549 1095 1627 Utroque
1109 1562 1206 1609 autem
1220 1572 1305 1611 voca·

62 1641 168 1688 statuas
197 1643 255 1690 etc.
298 1633 387 1712 Syrus
416 1631 518 1713 templo
552 1642 665 1690 tantum
701 1628 770 1686 buo
791 1629 814 1685 is
834 1629 1020 1722 signidcatm,
1042 1631 1090 1708 qui
1113 1632 1234 1704 cultum,
1249 1635 1316 1715 hu..

65 1747 214 1808 nuo...
232 1751 426 1810 ommni...
454 1727 583 1828 32&
598 1760 664 1820 a..
701 1710 1306 1867 XXXIII?..llllftlrsmilllt

62 1868 172 1927 merum
183 1872 356 1950 soronidinis
379 1892 431 1930 seu
454 1847 549 1931 cultui
571 1869 666 1930 vestri.
702 1870 756 1927 dus
776 1882 828 1928 est.
871 1871 1032 1930 CIIEsecir.
1049 1874 1244 1954 spanhemium
1267 1877 1305 1936 de

63 1949 175 2009 Arabs:
198 1954 324 2010 nomino.
373 1953 507 2031 Vulgolns
521 1951 666 2012 transtulit
703 1952 765 2010 Usu
787 1962 817 2008 et
839 1951 1017 2010 Praestantia
1039 1954 1248 2014 Numismatum
1275 1977 1305 2034 p.

61 2030 223 2090 rinenloero.
244 2034 379 2092 2Thess.
401 2034 441 2103 II,
456 2042 485 2092 4.
506 2041 666 2116 ὑπιςιιςόμι-
702 2034 760 2093 677
785 2051 845 2108 seq.
873 2043 904 2089 et
931 2033 1031 2091 Zornii
1059 2034 1193 2093 Bibliotb.
1218 2037 1306 2095 Anu.

63 2136 96 2178 ne
110 2115 153 2172 ixl
176 2117 263 2173 edna
284 2118 411 2187 Arpinum
425 2123 495 2184 erlo,
510 2117 522 2177 ii
538 2113 665 2189 misena,
703 2131 783 2190 quar.
798 2111 922 2188 Exeget.
937 2113 971 2171 Τ.
986 2113 1010 2184 Ι,
1024 2135 1053 2192 p.
1068 2118 1126 2173 284
1140 2135 1201 2195 seq.

62 2190 88 2250 b.
102 2213 129 2252 e.
146 2193 277 2252 Deorum
292 2196 417 2252 omnium
433 2196 581 2273 omnisque
596 2193 668 2251 dlvi·
757 2189 851 2252 ΣέΒΩ
867 2205 897 2250 et
911 2191 1084 2265 ΣέΒοΜΑΙ,
1099 2216 1225 2269 ueneror,
1235 2197 1306 2270 colo,

62 2275 88 2330 ui
122 2275 220 2332 cultus
254 2277 392 2353 superbus
426 2287 598 2341 contemtor,
634 2283 668 2332 ut
702 2273 802 2344 odoro,
830 2271 960 2367 religiose
986 2275 1055 2346 colo,
1079 2287 1110 2335 et
1136 2279 1240 2355 partim
1268 2280 1306 2338 de

66 2355 194 2434 Koppias
208 2369 289 2414 recte
302 2358 466 2424 transtulit;
487 2377 572 2435 quern
593 2357 668 2414 Wet·
704 2354 785 2412 cultu
812 2354 946 2432 religuoso
980 2356 1103 2426 interno,
1130 2361 1234 2436 partim
1267 2359 1306 2420 de

63 2436 167 2494 nemine
183 2437 224 2494 N.
244 2437 277 2493 T.
300 2437 333 2495 T.
356 2437 395 2508 II,
416 2458 443 2516 p.
459 2442 527 2497 310.
569 2437 667 2495 Titum
703 2434 785 2492 cultu
808 2435 863 2492 Dei
886 2448 1019 2506 externo,
1043 2448 1073 2495 et
1093 2439 1210 2514 pietate,
1232 2461 1307 2519 quae

63 2517 120 2575 sive
137 2516 256 2574 domum
278 2517 412 2585 blaviam,
427 2537 485 2575 non
506 2529 614 2589 autem,
635 2527 669 2578 ut
704 2516 805 2573 ritibus
819 2528 931 2574 tantum
945 2529 1117 2595 praestatur,
1131 2520 1212 2579 etde
1227 2522 1308 2581 cultu

64 2597 123 2656 aliis
137 2596 230 2654 visum
245 2610 299 2667 est,
312 2599 481 2657 Pontificem
495 2599 668 2667 Romanum,
705 2596 846 2655 idolorum
860 2616 953 2675 aeque
967 2617 1002 2656 ac
1016 2599 1075 2657 veri
1090 2600 1148 2658 Dei
1162 2602 1242 2660 cultu
1256 2603 1309 2661 ad-

65 2692 112 2738 aut
142 2678 256 2750 Caium,
283 2689 334 2737 aut
362 2679 507 2738 Simonem
537 2680 668 2758 Magum,
704 2678 829 2736 hibetur.
850 2677 958 2736 Mattb.
974 2678 1039 2749 XV,
1054 2686 1082 2740 9.
1095 2685 1176 2754 naimo
1190 2681 1215 2741 li
1229 2682 1310 2743 eidem
1338 2717 1339 2722 κ

65 2778 125 2819 esse
153 2760 317 2818 arbitratur.
358 2762 449 2820 Dion.
478 2759 575 2819 Helie.
601 2761 670 2818 Ant.
705 2765 753 2818 mi
768 2784 800 2835 με
819 2757 925 2818 frustra
945 2772 1041 2819 autem
1063 2762 1132 2819 mihi
1152 2763 1231 2822 hunc
1248 2764 1310 2822 cut

66 2839 88 2910 I,
111 2861 139 2900 c.
162 2845 211 2899 30.
234 2846 281 2900 eir
349 2847 413 2901 inl
434 2845 494 2902 boio
517 2840 670 2918 mirionum
704 2849 766 2897 tum
782 2852 934 2897 externum
953 2852 1108 2919 praestant.
1131 2843 1223 2902 Marc.
1239 2843 1309 2916 VII,

66 2926 231 3002 λωτουςγιῖι.
254 2923 327 2981 Ibid.
353 2966 359 2981 .
375 2922 411 2980 V.
425 2942 451 2980 c.
465 2929 491 2981 l.
505 2927 552 2984 miv
566 2929 620 3005 ”ll
634 2926 670 2981 erl
705 2922 734 2984 7·
756 2922 825 2979 Act.
840 2921 926 2991 XIII,
940 2927 988 2981 43.
1009 2927 1055 2982 seir
1069 2921 1196 3000 adspira·
1216 2952 1310 3017 mgen-

67 3005 120 3063 ban
134 3002 311 3078 niunden».
351 3004 461 3061 Histor.
478 3004 566 3061 Drac.
580 3023 606 3061 v.
621 3006 669 3063 33.
707 3002 787 3061 nisu»
798 3000 994 3079 religiosorum
1006 3003 1226 3080 proselytorum.
1240 3003 1310 3063 mid.

66 3082 98 3144 Idi
118 3090 154 3145 rei
176 3083 329 3162 “Vespere
350 3090 416 3160 6μῶ
437 3086 510 3142 llaec
530 3096 598 3143 sunt
618 3103 670 3141 nu·
706 3101 734 3139 V.
748 3087 797 3141 50.
817 3088 864 3149 τὶς
885 3081 1012 3158 receptivae
1032 3092 1156 3155 γυναῖκας
1176 3084 1311 3144 mulieres

67 3166 142 3225 mina
175 3177 279 3234 vestra,
308 3185 383 3244 quae
410 3167 542 3244 religiose
570 3164 672 3223 colitis.
708 3162 864 3240 religiosas,
878 3182 929 3220 seu
950 3162 1093 3233 mulieres,
1109 3183 1183 3241 quae
1203 3165 1311 3224 adve-

70 3245 196 3326 sapient.
219 3246 301 3316 XIV,
318 3252 367 3307 30.
392 3256 429 3308 νῦν
451 3245 568 3323 &Carpo
591 3248 672 3318 inopi·
708 3243 732 3299 ri
754 3242 811 3300 Dei
832 3243 940 3301 cultum
962 3262 979 3301 a
999 3245 1201 3323 superstitione
1215 3246 1311 3305 ethni·

68 3353 139 3388 ren·
168 3347 248 3386 nunc
281 3347 334 3405 pro
368 3329 485 3387 numine
518 3327 672 3385 hebebant.
709 3342 808 3381 corum
842 3324 1023 3384 transierant.
1057 3325 1125 3384 ibid.
1152 3326 1235 3398 XVI,
1264 3331 1312 3386 ΙΙ.

69 3405 134 3467 ibid.
160 3409 228 3480 XV,
255 3412 301 3470 l'l·
328 3414 375 3469 τῦι
403 3407 567 3484 &asperim
593 3412 673 3466 αὐτοῦ
709 3402 819 3479 crispin
838 3410 878 3464 sir
893 3412 953 3466 Θίὶι
967 3406 1109 3484 religiosa.
1129 3407 1197 3466 ibid.
1212 3407 1310 3478 XVII,

69 3486 209 3547 idolorum
230 3488 398 3558 simulacris,
420 3508 493 3566 quae
514 3506 532 3546 α
554 3508 586 3546 se
611 3488 673 3565 Ipso
708 3490 737 3544 4.
763 3490 809 3544 erle
831 3484 958 3561 crispeium
977 3487 1101 3552 ‘Ennium
1127 3491 1196 3548 mni
1220 3496 1313 3556 πλῆθις

71 3570 160 3629 efficta
180 3570 261 3627 colit.
302 3570 378 3628 Vide
401 3570 510 3629 Snieeri
532 3569 672 3627 Thesaur.
709 3565 791 3624 multi
813 3566 1002 3638 Graecorum,
1017 3567 1067 3646 qui
1087 3568 1124 3628 ad
1144 3569 1312 3648 religionem

72 3649 183 3710 Eccles.
199 3650 233 3708 T.
250 3650 290 3720 II,
305 3672 334 3728 p.
349 3654 417 3711 942.
705 3646 851 3724 judaicam
868 3647 1048 3707 transierant.
1068 3647 1136 3708 ibid.
1150 3671 1177 3708 v.
1194 3657 1240 3712 17.
1259 3657 1312 3717 τοῖς

116 3729 324 3802 zesimus,
339 3738 361 3801 l,
376 3739 409 3802 n,
425 3743 455 3790 et
470 3726 670 3800 rssssrdz,
709 3724 835 3795 'raviam
855 3741 1041 3807 opponuntur
1060 3733 1083 3788 ..’
1101 3729 1229 3807 ntimo,
1241 3731 1270 3787 h.
1285 3748 1314 3789 e.

72 3822 104 3885 n,
118 3820 142 3885 ὀ,
160 3820 188 3872 l.
202 3811 377 3878 uenerabilis,
392 3813 577 3883 venerandam,
591 3831 673 3870 vene·
709 3809 803 3887 presel
824 3808 845 3866 ti
859 3809 1047 3880 ludaeorum,
1059 3811 1107 3889 qui
1121 3812 1190 3869 alias
1203 3809 1314 3878 sinaitis

72 3896 178 3954 ratione
200 3894 314 3974 dignus,
337 3893 386 3971 qui
409 3892 539 3971 religiose
562 3890 674 3951 colitur.
710 3900 784 3962 etp
817 3892 907 3949 alono
931 3895 971 3948 eb
996 3891 1056 3951 Θιόι
1079 3891 1224 3950 dicuntur.
1265 3893 1314 3950 De

74 3973 121 4035 Est
141 3975 261 4034 verbale
275 3992 292 4032 a
308 3975 393 4033 tertia
412 3967 488 4052 pers.
507 3973 579 4051 perf.
600 3991 674 4051 pass.
710 3970 861 4047 proselytis
874 3970 1052 4030 Iudaeorum
1064 3973 1315 4051 usurpaturetiam

74 4058 230 4127 metamur,
264 4055 344 4114 verbi
372 4053 512 4131 σιίιίζομαι
546 4074 673 4123 veneror,
710 4048 834 4108 formula
846 4048 955 4112 cidarim
970 4060 1009 4113 eir
1024 4059 1095 4123 Θιὶν,
1116 4053 1184 4112 ibid.
1198 4053 1314 4123 XVIII,

73 4137 201 4218 religiose
213 4136 282 4196 colo.
315 4135 439 4216 Hesycle.
454 4135 583 4201 mimis·
596 4161 674 4216 orgae·
711 4132 740 4194 7.
768 4150 841 4208 quae
862 4132 947 4210 paulo
968 4144 1033 4212 post
1060 4154 1087 4193 v.
1109 4139 1155 4195 13.
1179 4135 1216 4192 de
1236 4134 1315 4192 omni

75 4227 181 4289 tumbe,
196 4219 306 4284 rimie.
711 4210 792 4269 cultu
812 4212 908 4270 (IIlelo
929 4213 1090 4274 adhibetur.
1115 4215 1153 4274 ΙΙ).
1168 4215 1250 4286 XIX,
1265 4219 1314 4277 27·

90 4303 119 4358 2.
142 4301 251 4358 Caesar
275 4299 430 4378 Augustus,
451 4315 600 4377 cognomen
624 4294 677 4352 im·
713 4293 832 4370 Saepius
856 4294 885 4351 in
914 4294 951 4352 N.
976 4295 1011 4353 T.
1039 4317 1097 4355 non
1124 4297 1238 4374 legitur.
1279 4295 1316 4352 In

72 4380 210 4455 peroraris
220 4378 676 4456 Romani,Coesoreus,Augusto·
712 4373 842 4431 versione
859 4374 1056 4435 Alexandrina
1069 4379 1218 4456 aliquoties
1233 4395 1315 4453 repe·

77 4459 116 4519 ΙΙΙ.
138 4468 206 4520 Act.
223 4459 315 4529 XXV,
332 4463 381 4517 21·
403 4466 527 4540 rngniirru
548 4464 624 4517 airis
644 4465 675 4524 eie
712 4453 784 4512 rliur
810 4476 863 4533 pro
890 4463 950 4551 NJ:
975 4458 1079 4530 timuit,
1103 4458 1238 4516 reveritus
1264 4463 1315 4514 esi.

78 4548 169 4604 ana
183 4539 316 4633 nsanos
329 4538 458 4632 διέφυγεν
474 4550 505 4596 ut
518 4557 677 4631 menne.
712 4564 774 4636 n..
795 4562 849 4633 1v,
870 4567 919 4623 24.
946 4566 1014 4624 Job.
1029 4565 1053 4634 1,
1068 4571 1097 4626 9.
1126 4563 1181 4622 re..
1203 4562 1316 4636 xxrx,

80 4631 122 4679 tur
141 4622 177 4680 ad
194 4623 326 4684 Caesaris
339 4632 542 4697 cognitionem.
566 4619 635 4676 und.
649 4640 675 4678 v.
714 4649 761 4703 13·
791 4644 859 4703 Μ,
884 4644 909 4714 Ι,
934 4650 963 4706 9·
1005 4646 1143 4702 Actjvum
1169 4643 1252 4714 uzu,
1278 4646 1316 4705 de

80 4705 123 4761 25.
152 4703 364 4775 incommunius
391 4707 432 4759 sir
458 4698 583 4760 triae-rb
610 4719 677 4758 cum
712 4725 794 4785 culm
814 4723 910 4785 divino
930 4723 1100 4796 adhibitum,
1122 4737 1218 4784 exstat
1239 4726 1318 4802 apud

82 4792 259 4859 provocasset
281 4782 319 4841 ad
342 4784 505 4853 Caesarem,
530 4781 677 4841 Neronem
1213 4808 1317 4889 Eun),
