3052 5514
238 501 437 604 napta..
796 505 879 593 rr
1255 496 1440 600 asom.

271 656 482 732 monuit,
496 663 563 732 131,
579 657 743 739 Stephanos.
764 654 818 716 Est
858 659 1013 714 contortum
1030 660 1059 714 et
1072 651 1213 733 inpletum.
1234 653 1334 733 Apoc.
1349 653 1419 726 XII,
1434 659 1459 715 I·

215 754 323 799 nomen
346 743 493 821 proprium
516 742 579 812 viri,
603 739 712 817 origine
734 757 818 816 grae·
857 741 903 796 nat
917 737 958 795 ixl
970 742 1014 802 τῖς
1025 743 1137 807 sionni,
1151 740 1226 801 αὐτῆς
1248 736 1369 809 στέφανος
1387 737 1460 798 cieri·

216 837 294 891 cum,
308 822 385 883 idem
400 823 477 902 quod
494 826 610 894 edeam
624 840 739 888 corona,
758 839 817 878 ser·
855 840 899 897 gur
913 813 1014 876 δέδια.
1057 816 1137 874 Hinc

214 908 284 960 tum.
325 902 573 963 Commemoratur
602 904 631 959 in
662 902 698 959 N.
726 901 761 958 T.
798 905 811 960 1
875 900 904 956 8.
922 905 1037 967 eertum,
1057 895 1208 956 oictoribru
1236 895 1267 955 in
1291 895 1457 957 solemnibus

217 981 286 1041 Cor.
314 983 338 1051 1,
367 989 413 1044 16.
442 984 489 1042 ubi
517 996 648 1043 narratur
674 981 722 1039 ille
749 1000 814 1040 cum
852 976 1049 1037 certaminibus
1064 977 1188 1056 proemii
1206 975 1265 1037 loco
1283 978 1375 1039 tribui
1394 977 1457 1039 soli·

215 1071 278 1120 tota
298 1067 360 1142 ejus
380 1063 486 1123 familia
503 1083 520 1123 a
538 1064 626 1124 Paulo
646 1062 815 1140 baptizatus.
852 1066 922 1129 tum,
938 1069 969 1117 et
988 1057 1033 1117 vel
1050 1079 1085 1117 ex
1105 1059 1235 1129 oleastro,
1255 1057 1302 1118 oei
1317 1079 1353 1118 ec
1374 1058 1455 1119 lauro

214 1142 255 1202 ib.
283 1143 364 1216 XVI,
395 1150 431 1206 15
459 1157 489 1204 et
519 1149 564 1209 17.
606 1142 753 1211 Nonnulli,
782 1155 815 1202 ut
852 1141 1015 1218 confictam.
1039 1141 1138 1200 lCor.
1152 1139 1208 1210 lx,
1221 1142 1365 1201 ananus
1382 1141 1457 1221 (scil.

215 1223 397 1284 Guillianrlus
411 1225 440 1283 in
454 1245 506 1284 sua
516 1225 677 1286 Collatione
690 1223 720 1280 in
735 1223 816 1282 Pauli
853 1221 876 1278 α’
894 1219 1081 1299 ὶγαηζὸμυιι)
1098 1223 1142 1298 μὶν
1155 1217 1205 1290 adr,
1218 1220 1259 1281 ins
1279 1227 1389 1302 ntegri·
1403 1222 1456 1282 ni·

214 1303 357 1382 Epistolna
370 1307 418 1364 fol.
433 1309 481 1367 92.
495 1325 601 1366 nomen
614 1303 740 1363 mulieris
752 1323 815 1365 esse
849 1313 927 1373 eam
947 1299 1057 1361 teiam
1078 1303 1118 1360 illi
1141 1301 1257 1381 quidem
1277 1313 1404 1371 certant,
1424 1313 1456 1361 ut

214 1386 289 1444 male
303 1397 486 1446 censuerunt.
850 1392 960 1440 sertum
978 1383 1097 1461 praemii
1116 1382 1183 1442 looo
1196 1381 1357 1455 obtineant,
1379 1381 1455 1462 quod

263 1465 470 1538 zrdonnoa,
481 1496 519 1538 ..,
530 1471 552 1538 ὅ,
565 1466 732 1546 Stephanus.
753 1466 813 1525 No·
851 1479 921 1521 mox
937 1461 1094 1523 flaccescit.

212 1561 279 1605 men
301 1550 446 1626 proprium
467 1549 529 1617 viri,
544 1549 592 1626 qni
613 1547 667 1606 fuit
681 1565 754 1606 unus
774 1568 812 1607 ex
871 1549 901 1603 4.
926 1544 1109 1624 quodcunque
1133 1542 1292 1639 prumiam
1319 1543 1456 1625 honorifi-

212 1637 322 1705 septcm
344 1629 398 1687 illis
418 1629 557 1688 ecclesiae
576 1627 812 1706 Hierosolymita-
849 1643 922 1694 cum,
936 1636 1070 1703 respectu
1082 1627 1181 1685 habitu
1191 1625 1228 1684 ad
1239 1644 1349 1684 morem
1361 1627 1454 1688 Grae-

211 1726 267 1767 nae
287 1709 424 1780 diaconis,
446 1721 476 1769 et
496 1710 613 1787 primus,
635 1727 720 1786 quem
742 1709 812 1788 legi-
850 1723 961 1775 eorum,
983 1709 1032 1784 qui
1053 1707 1175 1765 victores
1199 1707 1228 1764 in
1248 1708 1452 1766 certaminibus

211 1805 285 1858 mus,
314 1790 351 1848 N.
379 1790 413 1849 T.
447 1801 564 1868 martyr,
592 1789 702 1869 origine
729 1809 811 1868 grae·
851 1783 1005 1855 Isthmicis,
1020 1786 1148 1858 Nemeis,
1162 1786 1323 1866 Olympicis
1343 1800 1374 1847 et
1392 1789 1452 1849 aliis

211 1886 289 1939 cum,
316 1870 467 1947 designans
494 1891 634 1929 coronam.
666 1871 735 1929 Act.
758 1869 811 1941 Vl,
849 1877 927 1925 serto
954 1866 1090 1944 insignire
1117 1878 1147 1927 et
1175 1868 1282 1926 donare
1311 1869 1449 1928 solebant.

211 1954 241 2009 5.
260 1957 288 2009 8.
302 1957 330 2012 9.
360 1952 497 2024 v11,59.
526 1951 610 2023 VIII,
630 1953 659 2010 2.
686 1950 741 2023 XI,
764 1956 810 2012 19.
851 1945 925 2007 Vide
939 1947 1068 2008 Barettii
1081 1949 1158 2008 Dias.
1172 1948 1228 2007 111.
1248 1948 1277 2006 in
1298 1950 1451 2011 Commen-

210 2027 309 2103 XXll,
324 2035 372 2093 20.
848 2026 927 2086 tariia
955 2029 1135 2088 Literaturae
1161 2028 1313 2089 Societatis
1342 2030 1450 2110 Regias

262 2112 468 2186 ettennon,
496 2141 533 2184 w,
562 2117 585 2183 ε,
623 2117 649 2172 l.
677 2112 809 2191 proprie:
848 2107 1071 2187 Inscriptionum
1098 2121 1129 2170 et
1155 2109 1300 2168 Bonorum
1327 2109 1451 2171 Littera·

209 2210 322 2264 corono,
350 2196 446 2275 regiae
472 2194 621 2273 dignitatis
648 2193 769 2274 insigne,
793 2212 810 2253 a
847 2207 910 2247 rum
932 2191 1014 2249 Tum.
1035 2190 1059 2248 1.
1078 2211 1106 2270 p.
1120 2195 1179 2250 348
1192 2210 1253 2268 seq.
1272 2191 1385 2251 tTim.
1398 2193 1450 2265 IV,

79 2283 83 2299 ¹
208 2275 290 2347 σάφα
312 2296 423 2335 corono.
464 2275 512 2333 Sic
534 2275 640 2353 legitur
662 2273 691 2330 in
715 2274 752 2330 N.
773 2274 808 2334 T.
847 2273 875 2328 8.
898 2274 1032 2332 ἀπόκειταί
1049 2299 1092 2349 μοι
1106 2277 1117 2331 ι’
1131 2279 1174 2338 die
1190 2270 1341 2341 >maurim
1355 2275 1449 2348 ηίφι·

207 2353 245 2413 de
259 2374 366 2414 corona
379 2356 426 2413 illa
440 2356 548 2432 spinea,
563 2373 637 2432 quae
649 2352 764 2412 ludibrii
777 2367 809 2414 et
848 2376 893 2420 νος.
917 2353 967 2410 ubi
990 2359 1002 2411 ὁ
1023 2353 1141 2423 eciem
1164 2361 1206 2420 ris
1229 2350 1384 2421 tranat...
1408 2366 1450 2415 est

205 2433 380 2512 IgnomInIae
394 2453 480 2494 causa
493 2435 578 2513 copiti
593 2434 699 2495 Christi
717 2435 808 2514 impo·
846 2433 1004 2510 praemium
1018 2434 1129 2493 virtutis
1143 2445 1173 2493 et
1188 2433 1306 2527 pietatis
1320 2434 1451 2496 christia·

206 2516 508 2574 nebaturamilitibua
524 2517 671 2587 Romanis,
685 2517 763 2594 quod
776 2536 807 2577 se
846 2530 909 2572 nne.
953 2513 1264 2594 Sieproemio,otrtnti
1276 2513 1451 2578 christianae

205 2610 305 2674 regem
324 2597 499 2657 Iudaeorum
517 2597 678 2675 jactaverit.
700 2597 807 2656 Matth.
846 2593 876 2651 t'o
890 2594 1060 2672 vitafitturo
1075 2596 1232 2677 proposita,
1246 2600 1258 2656 ὅ
1272 2602 1394 2670 στέφανος
1409 2606 1453 2666 τῖς

206 2674 332 2745 XXVII,
355 2680 403 2738 29.
426 2685 471 2738 ul
492 2683 624 2752 τλὶξιηις
646 2679 807 2753 decroni}
845 2673 908 2751 ζυιῖς
928 2687 1067 2736 vocantur
1087 2676 1192 2737 Jacob.
1213 2677 1238 2745 I,
1258 2681 1303 2736 12.
1339 2678 1456 2739 lPetr.

204 2762 323 2828 davidi,
345 2760 458 2825 iaeilsus
472 2762 513 2820 iet
533 2764 574 2823 nir
590 2774 700 2832 κιφιληι
719 2765 806 2821 adesi.
847 2754 884 2826 V,
903 2764 931 2815 4·
958 2762 970 2816 i
998 2760 1140 2840 ὶμᾶςεηκ
1167 2765 1210 2824 τῆς
1236 2755 1305 2832 δόξης
1329 2759 1454 2829 nicam

204 2837 299 2898 Mure.
315 2840 381 2911 XV,
399 2843 444 2903 17.
465 2840 532 2900 Joh.
547 2839 631 2912 XIX,
646 2847 674 2898 2.
688 2845 717 2900 5.
757 2841 805 2901 De
844 2837 1002 2913 praemium
1016 2840 1128 2898 virtutis
1143 2850 1264 2909 vestrae,
1276 2837 1457 2901 felicitatem

203 2917 260 2978 hac
273 2939 381 2979 corone
395 2921 499 2980 Christi
514 2921 613 3001 spinea
631 2920 724 2980 variae
738 2933 806 2980 sunt
844 2935 965 2996 nempe·
979 2918 1046 2977 olim
1067 2920 1096 2977 in
1118 2938 1208 2998 regno
1226 2919 1351 2979 Messiae
1374 2922 1456 2982 obti-

132 3006 135 3012 ’
202 2998 328 3059 virorum
349 3003 499 3061 doctorum
521 3003 688 3061 sententiae.
731 3002 805 3062 Vide
844 2999 976 3058 flendam.
998 3001 1094 3079 Apoc.
1115 3000 1157 3072 11,
1182 3005 1227 3060 10.
1249 3006 1295 3060 ω’
1317 3000 1390 3061 δύη
1413 3030 1459 3064 ..ι

204 3082 357 3162 Sagittarii
369 3084 524 3142 Historiam
541 3083 683 3142 Passioni!
697 3081 812 3142 Christi*
842 3083 883 3136 ede
909 3082 1026 3151 πίφιιοι
1052 3088 1095 3148 viic
1122 3081 1196 3160 ζὴς,
1229 3101 1282 3159 plo
1318 3085 1455 3158 πέφνον,

202 3161 236 3220 Ρ.
251 3162 291 3221 ll.
307 3167 321 3241 p
339 3168 407 3223 284.
421 3185 449 3243 p.
464 3170 531 3225 649.
552 3175 583 3222 et
601 3161 751 3222 Wedeliam
773 3165 802 3220 in
842 3159 1114 3240 ταῦτ’ἴπιτὺιζυυ.
1156 3163 1281 3241 mgni,
1302 3165 1382 3222 enim
1405 3178 1455 3226 eat

200 3240 279 3301 Dias.
302 3245 535 3303 Medico-Philol.
554 3247 638 3303 Cent.
652 3245 676 3302 1.
691 3244 802 3303 Deead.
842 3238 871 3297 h·
898 3240 917 3298 l.
951 3243 1092 3319 genitivus
1123 3242 1317 3322 appositionis.
1360 3247 1453 3307 eonf.

200 3327 230 3384 9.
252 3324 379 3383 Exercit.
399 3331 427 3384 3.
455 3326 550 3402 Apoe.
571 3324 624 3395 IV,
639 3330 667 3384 4.
690 3326 731 3384 ixl
754 3330 802 3392 ut,
840 3319 878 3378 ad
899 3321 928 3378 h.
947 3323 965 3381 l.
985 3323 1186 3383 Erchhorninm
1208 3326 1237 3382 in
1258 3325 1453 3388 Commenta·

199 3410 315 3475 κιφιλᾶς
334 3410 415 3466 atris
430 3421 562 3477 πιφανους
575 3413 684 3487 mortis
704 3417 734 3463 et
755 3425 802 3464 ca-
840 3401 883 3459 l'io
902 3402 962 3461 Vol·
977 3404 1000 3460 I·
1014 3424 1042 3483 p·
1057 3410 1105 3465 90.
1125 3405 1193 3464 ibid.
1208 3404 1263 3473 III,
1281 3409 1328 3465 lI.
1341 3406 1384 3467 i's·
1397 3436 1450 3485 pte·

199 3483 306 3578 pitibus
320 3485 464 3563 impositas
478 3504 598 3543 coronas
612 3503 721 3554 aureas,
735 3486 801 3545 he.
840 3479 885 3548 ha,
906 3484 972 3565 >solip
994 3487 1222 3557 vivariensium
1242 3505 1280 3545 ne
1300 3487 1366 3565 quis
1388 3491 1450 3549 eri-

196 3583 229 3622 m
242 3582 352 3622 summa
366 3565 504 3641 dignitate
522 3576 552 3623 et
571 3566 683 3625 honore
694 3568 799 3624 consti·
838 3562 897 3640 pIat
912 3566 962 3622 tibi
976 3566 1133 3643 praemium
1144 3566 1288 3626 felicitatis
1299 3568 1448 3631 coelestis.

198 3653 287 3714 tutos,
308 3645 533 3720 condaminam,
554 3654 588 3725 τᾷ
605 3654 711 3728 Χςιπᾷ.
731 3647 798 3706 ibid.
858 3649 886 3703 5.
914 3665 993 3704 omrre
1020 3657 1223 3720 ornamentum,
1249 3648 1327 3726 quod
1355 3650 1447 3712 atteri

196 3742 226 3782 v.
243 3730 287 3784 10.
308 3735 419 3795 βαλοῦσα
433 3730 489 3793 τοὺς
505 3730 639 3798 ”obditos
652 3733 734 3789 cirris
747 3730 799 3787 ini·
835 3721 966 3784 honorem
994 3729 1087 3806 effert,
1114 3728 1206 3798 decus,
1232 3729 1268 3787 de
1294 3749 1349 3809 quo
1366 3735 1444 3812 jure

197 3830 252 3865 reso
272 3814 317 3866 ssd
335 3811 431 3888 belno,
452 3807 480 3863 h.
500 3828 525 3864 e.
546 3826 577 3866 se
598 3828 712 3866 omnem
733 3809 798 3886 dig·
835 3804 898 3882 quia
917 3806 1043 3886 gloriari
1060 3820 1163 3888 potest.
1205 3809 1254 3869 Sic
1276 3809 1386 3888 legitur
1413 3814 1444 3872 in

195 3885 316 3945 nitatem
344 3906 378 3945 ac
405 3889 571 3946 felicitatem
598 3908 678 3947 suam
711 3889 796 3948 unice
837 3885 873 3943 N.
889 3886 924 3945 T.
944 3888 1067 3968 Philipp.
1081 3889 1133 3961 IV,
1152 3897 1176 3949 1.
1196 3890 1299 3949 fratres
1315 3893 1374 3950 mei
1396 3893 1442 3952 di·

195 3965 313 4025 Cbristo
340 3968 446 4028 debere
473 3970 546 4047 grati
575 3982 732 4047 agnoscent
753 3972 795 4048 ip-
834 3965 912 4037 lecti,
926 3975 999 4052 χιμὶ
1013 3982 1057 4030 ...ι’
1072 3970 1189 4041 wiensi,
1201 3999 1251 4048 μου
1272 3970 1396 4032 deliciae
1410 3988 1442 4036 et

192 4063 316 4126 sumque
329 4050 472 4128 supplices
485 4052 706 4109 venerabuntur.
726 4051 794 4109 ibid.
834 4045 918 4106 dulce
933 4050 1022 4109 decus
1036 4070 1143 4122 meum,
1157 4063 1190 4111 ut
1207 4063 1251 4110 est
1270 4052 1350 4132 apud
1374 4055 1442 4115 Ho-

193 4124 248 4199 vI,
263 4135 292 4186 ‘l-
315 4139 360 4190 tui
383 4129 446 4197 idida
469 4136 539 4209 αὖτᾷ
562 4134 689 4203 niveam,
714 4133 742 4189 h.
766 4151 793 4191 e.
832 4137 888 4187 rai.
909 4129 933 4188 I.
958 4131 1015 4190 (1(1.
1041 4131 1063 4200 1,
1085 4152 1111 4190 V.
1132 4137 1161 4190 2.
1185 4137 1197 4192 I
1216 4132 1316 4195 Theti&
1331 4132 1374 4206 II,
1393 4140 1439 4197 19.

191 4209 406 4269 concedebatur
426 4212 453 4270 ei
468 4216 599 4291 majestas
612 4231 647 4270 ac
667 4222 794 4290 potestas
831 4212 867 4275 nl
890 4215 942 4294 aig
963 4215 1027 4288 ipris
1048 4215 1118 4280 ἐλπὶς
1140 4214 1154 4277 i
1175 4217 1257 4307 χιςὲ,
1282 4216 1295 4278 ii
1318 4215 1439 4289 πίφιικ

190 4288 280 4368 regia.
313 4291 382 4351 ibid.
410 4292 462 4362 IX,
491 4295 520 4356 7.
555 4292 636 4362 XIV,
670 4298 714 4351 14.
756 4292 791 4350 In
830 4297 991 4366 maxims,
1013 4293 1050 4351 de
1065 4294 1257 4373 quibusenrm
1277 4294 1353 4354 bene
1370 4317 1438 4376 spe-

189 4371 321 4432 versione
350 4373 438 4432 Alex.
471 4373 625 4451 respondet
655 4372 791 4431 hebraico
831 4387 903 4440 rare,
917 4392 955 4430 ex
970 4374 1064 4432 animo
1083 4374 1219 4452 gaudere,
1233 4386 1264 4434 et
1279 4378 1348 4453 jure
1368 4397 1437 4438 meo

188 4457 289 4551 ιηφῃ
320 4473 433 4512 corona.
474 4453 589 4512 Esther.
622 4452 707 4525 VIII,
743 4459 791 4514 15.
829 4451 944 4530 gloriari
955 4455 1087 4532 possem?
1110 4453 1219 4515 Eodem
1233 4457 1320 4517 modo
1334 4464 1436 4554 πῃ

81 4595 83 4598 ⁴
188 4538 311 4621 arue'a
326 4560 423 4620 Maec.
438 4559 520 4632 xw,
534 4565 563 4620 4.
830 4549 1436 4648 usurpaturProv.X11,4.,ote·tgoi

208 4647 237 4698 2.
257 4661 345 4712 omne,
365 4644 440 4721 quod
458 4650 498 4700 erl
521 4642 551 4700 t'n
559 4643 689 4722 sormam
710 4664 789 4704 coro·
829 4642 946 4712 trinam
959 4647 998 4721 rqi
1011 4641 1079 4726 brige
1092 4649 1176 4711 αὐτῆς.
1196 4644 1264 4706 ibid.
1283 4645 1368 4717 XIV,
1384 4654 1434 4709 ta

179 4737 252 4796 me,
274 4733 326 4783 aut
348 4722 379 4784 in
398 4721 606 4786 similitudinem
626 4723 738 4787 litterae
759 4726 787 4786 0
827 4722 945 4802 πίφιιος
958 4730 1038 4803 noir
1051 4734 1160 4796 entim
1173 4729 1264 4790 uitis.
1290 4727 1332 4800 ib.
1346 4728 1433 4871 XXII,
