3052 5514
76 102 332 217 Πευσὲςχομαι.
628 119 663 192 11
687 119 717 192 P
1086 110 1283 222 Προσευχῆ.

60 260 159 320 claudi·
178 261 248 322 ibid.
262 285 291 323 v.
304 267 353 324 28.
367 267 415 325 28.
430 270 478 328 30.
495 267 595 341 XXII,
609 272 659 330 23.
697 265 759 328 neri
778 266 840 327 Dei
864 266 984 328 cultores
1006 275 1035 328 et
1059 267 1228 340 Christiani,
1252 269 1302 349 qui

58 340 167 415 XXIV,
204 349 232 404 1.
260 352 289 404 3.
323 347 434 418 XXV,·
453 353 501 409 20.
531 353 579 409 22.
608 353 657 410 94.
697 349 784 408 etism
798 349 867 408 alias
881 352 945 430 ιίςιῖς
965 359 995 408 et
1015 351 1149 431 ἱιςιίπυμο
1169 351 1198 408 in
1214 352 1252 410 N.
1266 352 1302 410 T.

56 421 166 493 XXVI,
180 430 210 485 Τ.
230 435 363 509 rpeiam
376 431 445 507 αὐτῇ
456 434 517 502 pari
536 432 659 490 accessit
698 431 842 489 dicuntur.
864 430 955 489 Hebe.
974 429 1027 501 IV,
1044 435 1091 491 16.
1111 435 1303 513 πςιηςχόμιδι

53 504 166 563 mulier.
193 506 233 565 Ib.
254 528 281 565 v.
297 514 344 569 17·
359 514 407 571 49.
421 514 470 571 50.
484 515 533 571 60.
546 517 596 573 69.
610 518 658 575 73.
700 510 739 570 rin
751 517 817 589 petri
832 516 967 596 arripiebar
983 519 1019 590 ‘fi
1037 513 1113 595 ipe'rqr
1133 521 1175 579 τῆς
1194 515 1301 594 χόρτος

53 583 247 656 xxvl1,as.
262 589 405 661 XXVHI,
420 594 447 649 2.
462 596 549 652 9.18.
565 593 659 652 Marc.
698 592 835 650 adeamus
847 592 946 670 itaque
959 593 1065 662 animo,
1079 592 1185 652 fiducIa
1203 595 1304 672 pleno,

53 664 76 734 I,
97 670 147 725 31.
163 667 225 737 VI,
241 675 290 730 35.
312 670 348 742 X,
366 675 393 730 2.
415 672 485 743 XII,
508 677 555 733 28.
577 674 659 743 XIV,
700 674 796 731 Deum
806 672 955 751 Optimum
967 673 1138 732 Maximum.
1152 674 1221 732 ibid.
1234 674 1302 746 VII,

53 751 99 807 85.
113 752 166 808 45.
197 749 271 809 Luc.
285 750 356 820 VII,
373 758 420 812 14.
448 753 534 824 VIII,
548 759 597 813 24.
611 760 660 814 44.
700 757 748 812 25.
770 757 826 820 τοὺς
841 753 1232 836 τςοπςχομέηυςῖἶιςῦτοῧτᾷ
1245 763 1304 835 &aqi

53 827 106 899 IX,
127 832 176 888 19.
191 834 240 889 49.
271 833 308 901 11,
330 841 378 893 94.
407 833 491 902 XIII,
514 840 561 894 3l.
593 836 659 906 XX,
700 835 749 913 qui
770 854 823 913 per
843 855 909 894 eum
924 835 1020 894 Deum
1042 837 1088 914 pie
1106 836 1205 894 colunt
1226 839 1302 913 ejus·

53 914 99 972 97.
134 911 252 982 XXIII,
277 918 325 974 36.
349 919 398 975 59.
428 916 496 975 Joh.
520 915 589 985 XII,
612 921 659 976 21.
701 935 756 992 que
780 916 906 995 favorem
931 917 1101 995 consequuti
1125 930 1200 975 sunt.
1231 917 1301 977 ibid.

55 992 124 1049 Aet.
146 992 216 1061 VII,
239 999 288 1053 31.
316 994 399 1066 VIII,
420 999 469 1058 29.
497 996 551 1067 IX,
574 1002 600 1056 l.
623 998 659 1068 X,
700 997 738 1066 X,
754 1000 802 1055 22.
824 998 877 1067 XI,
892 1002 920 1056 6.
941 1005 981 1056 air
995 999 1235 1080 πςοπςχᾶμικντᾷ
1246 1001 1303 1077 (itii

57 1074 104 1130 2³⁴·
124 1100 138 1135 a
155 1080 334 1156 negociantur
354 1079 496 1155 ἀλλοφύλῳ
510 1090 561 1136 aut
575 1097 659 1137 acce·
700 1078 802 1149 omnis,
816 1078 864 1156 qui
879 1091 923 1136 est
937 1098 1020 1136 verus
1036 1079 1091 1136 Dei
1106 1080 1209 1137 cultor.
1231 1080 1301 1139 Sae-

56 1151 124 1212 dere
158 1154 197 1213 ad
231 1157 378 1233 gentilem.
413 1157 481 1216 ibid.
513 1159 583 1229 XII,
613 1165 660 1220 13.
698 1160 762 1236 plus
776 1161 804 1216 io
820 1160 856 1216 N.
872 1160 906 1217 T.
920 1178 978 1217 non
991 1160 1106 1236 legitur.

56 1232 214 1305 1111119.
235 1248 367 1319 agomaro
380 1243 464 1306 ..tua
478 1239 512 1297 iis
526 1259 588 1299 sese
608 1241 659 1298 ad·
755 1240 951 1310 moserata,
965 1250 1000 1310 ἧς,
1010 1246 1032 1306 ἡ.
1049 1245 1074 1298 1.
1089 1241 1240 1300 Latissime
1249 1261 1301 1321 pa.

52 1317 162 1392 junxit,
189 1336 242 1375 seu
275 1317 496 1379 familiaritatem
524 1341 590 1379 cum
625 1323 659 1381 iis
700 1321 812 1380 tethoc
827 1322 996 1380 vocabulum
1020 1322 1048 1379 in
1066 1322 1101 1379 N.
1117 1322 1151 1380 T.
1171 1323 1249 1381 libris
1270 1335 1302 1384 et

55 1398 221 1456 contraxitz
250 1416 316 1458 nam
341 1421 366 1458 v.
391 1406 418 1460 3.
446 1400 561 1459 additur
587 1402 660 1476 inim
700 1421 758 1458 uon
779 1402 871 1459 solum
885 1422 989 1461 omnem
998 1404 1077 1481 mam
1097 1423 1224 1462 senarium
1238 1406 1302 1463 ani·

56 1504 107 1559 arag
125 1482 222 1545 αὐτοῖς.
236 1479 305 1537 ibid.
319 1481 416 1550 XXII,
426 1486 474 1542 26.
483 1486 532 1544 27.
548 1483 660 1554 XXIII,
701 1482 739 1539 mi
752 1480 977 1552 declarationem,
989 1484 1181 1560 Deosactam,
1195 1494 1222 1542 et
1230 1506 1299 1565 pre·

59 1561 102 1618 14.
134 1559 246 1630 XXIV,
269 1565 317 1620 23.
339 1562 480 1634 XXVIII,
502 1569 531 1624 9.
554 1569 660 1647 agoric-
700 1583 744 1621 ces
768 1564 855 1621 omnis
873 1564 996 1642 generis,
1018 1564 1070 1621 sed
1083 1565 1170 1622 etiam
1194 1585 1300 1624 omnm

57 1665 130 1716 gom
158 1639 360 1701 afferebantur.
396 1643 487 1703 Hebr.
514 1644 584 1715 XII,
615 1652 660 1705 13.
701 1644 907 1703 meditationem
939 1664 1032 1702 reram
1059 1644 1228 1714 diuinnmm,
1254 1667 1303 1705 sa-

58 1722 101 1780 99
127 1721 216 1781 Alex.
244 1723 369 1801 lRegg.
389 1724 456 1794 XX,
473 1728 519 1784 13.
542 1734 662 1808 aguniati
700 1745 749 1783 cra
763 1734 790 1782 et
804 1723 906 1783 cultam
920 1725 1126 1795 divinam,tam
1147 1733 1302 1798 externum,

58 1801 224 1879 τῇἈχαί.
244 1803 313 1862 ibid.
327 1824 354 1861 v.
368 1808 416 1864 22.
432 1812 553 1887 agonista
566 1813 661 1889 agoal-
701 1826 784 1885 qaam
798 1807 937 1864 internam
951 1805 1093 1883 significat
1114 1817 1144 1864 et
1157 1807 1302 1885 complec-

58 1907 94 1948 rrr
118 1891 182 1965 τςὶς
207 1891 248 1944 rlr
267 1885 386 1954 βωλίι.
406 1887 514 1945 Ierem.
530 1887 597 1957 Vll,
616 1893 662 1949 15.
703 1886 791 1954 titur3
811 1886 958 1965 speciatim
972 1898 1069 1945 autem
1092 1892 1217 1969 eginoni
1232 1907 1302 1949 mox

58 1965 237 2057 paxperiatpf
255 1992 299 2042 μοι
319 1993 374 2049 mg.
387 1972 467 2027 niveis
488 1987 524 2026 ue
545 1989 597 2046 pro
618 1969 662 2028 his
696 1968 871 2048 petitionem,
885 1976 986 2037 uotam,
1000 1967 1041 2025 cd
1052 1969 1304 2044 Deam'directam,

59 2047 192 2122 precibus
207 2066 254 2105 me
268 2045 363 2105 adeas.
387 2049 497 2106 Aelian.
514 2050 549 2107 V.
566 2050 604 2108 H.
619 2050 660 2120 Il,
703 2069 756 2129 qao
770 2047 880 2127 aliquid
900 2056 1037 2128 optumas,
1061 2068 1130 2106 mox
1144 2061 1240 2108 autem
1254 2051 1304 2110 de·

62 2130 103 2186 13.
127 2127 260 2185 Aeschin.
277 2130 356 2186 Socr.
371 2129 445 2186 Dial.
460 2129 500 2201 Il,
518 2135 543 2189 l.
558 2136 586 2189 5.
617 2130 662 2190 Cf.
696 2130 897 2210 precationem,
920 2148 972 2187 seu
990 2138 1083 2187 aotam
1104 2129 1233 2201 denotat,
1247 2151 1304 2210 qao

60 2210 143 2266 etlam
170 2207 279 2266 arisati
301 2209 430 2268 Iudicem
452 2209 581 2270 Graecit.
602 2211 662 2271 De·
703 2209 813 2290 aliquid
838 2208 907 2268 mali
929 2230 947 2267 a
971 2208 1049 2269 nohis
1069 2211 1302 2290 auertipetr'mas,

61 2288 203 2346 uostheu.
218 2309 247 2367 p.
261 2294 330 2350 658.
703 2311 742 2350 ex
753 2298 813 2373 agl.
829 2302 859 2349 et
873 2296 931 2366 ιὺχὺ
945 2299 1048 2362 vatam,
1064 2310 1091 2369 q.
1106 2296 1165 2369 ιόχὲ
1189 2304 1248 2373 agli
1263 2301 1304 2353 alr

77 2372 104 2428 9.
134 2370 353 2448 metaphorice:
387 2372 510 2431 animam
543 2372 662 2454 applico,
704 2380 774 2441 Θιὶι,
789 2372 903 2449 hocque
916 2373 952 2429 ab
967 2371 1075 2447 ιῦχομι.
1117 2393 1191 2431 renes
1191 2375 1303 2449 janda,

60 2451 207 2519 asentior,
220 2461 310 2510 sector
323 2451 442 2534 alierp'as
450 2463 559 2533 partes,
574 2466 606 2512 ut
624 2455 665 2512 la·
703 2453 862 2532 notasacio,
873 2472 924 2512 seu
935 2473 1073 2531 nuncupo.
1090 2394 1196 2512 Nlatth.
1205 2453 1303 2525 XVII,

62 2531 149 2589 tinum
171 2534 313 2603 accedere,
330 2545 361 2592 et
382 2546 509 2593 nostrum
530 2543 665 2610 hepterem
704 2538 753 2594 91.
773 2543 846 2594 τοῦτο
859 2541 887 2593 al
907 2533 971 2606 γένος
986 2538 1030 2593 ode
1050 2536 1215 2615 anagniam,
1236 2541 1255 2593 ω’
1267 2539 1304 2611 μὶ

62 2620 85 2671 to
108 2622 225 2671 consent
249 2622 288 2672 to.
313 2623 326 2672 l
344 2615 418 2674 Tim.
433 2615 486 2687 VI,
501 2622 528 2674 3.
552 2617 576 2674 si
601 2616 664 2694 quis
704 2617 864 2696 ἰνπςοσωχῇ
877 2621 921 2673 ul
946 2619 1040 2692 manriq
1063 2614 1119 2671 hoc
1142 2631 1238 2672 autem
1253 2635 1305 2691 ge-

61 2694 142 2752 tliter
173 2694 264 2753 docet
290 2702 334 2754 nal
358 2700 395 2773 μὴ
423 2697 586 2779 agoniam«
614 2704 664 2764 τοῖς
705 2716 758 2753 nus
772 2695 945 2753 daemonum
970 2713 1027 2750 uon
1042 2694 1108 2770 ejici
1128 2705 1234 2771 potest,
1249 2693 1303 2752 nisi

62 2781 199 2848 lamam
227 2780 311 2847 λόγοις
338 2785 389 2843 τοῖς
411 2786 456 2838 rot
481 2783 573 2860 angria
600 2782 664 2854 ipis
705 2796 756 2855 per
770 2794 881 2854 preces,
896 2792 962 2832 cum
982 2773 1094 2852 jejunio
1116 2777 1305 2852 conjunctas:

61 2853 139 2922 lana
152 2865 263 2938 xganst
277 2875 332 2914 nee
348 2877 379 2915 se
399 2877 537 2935 suamque
557 2858 665 2916 doctri·
705 2857 753 2914 ubi
768 2855 966 2933 intelliguntur
979 2873 1090 2932 preces,
1105 2855 1208 2933 quibus
1220 2855 1306 2914 adis·

62 2955 124 2997 nam
141 2935 305 2994 conformat
319 2937 355 2995 ad
370 2939 537 3016 religionem
548 2939 665 2998 sanctis·
705 2937 806 3015 cipalis
821 2935 928 2995 Christi
948 2935 1086 2994 auxilium
1107 2934 1234 2994 diuinum
1252 2936 1306 2994 im.

61 3020 161 3076 simam
192 3017 311 3075 Domini
338 3020 428 3076 nostri
456 3021 541 3078 1.(1.
583 3019 666 3078 Conf.
705 3017 874 3095 plorandum
886 3027 949 3074 erat
958 3015 994 3073 ad
1009 3017 1146 3076 miracula
1156 3017 1305 3095 patranda.

63 3099 188 3157 Mentire
210 3097 295 3156 Obss.
317 3098 418 3158 Philol.
439 3119 456 3158 e
476 3101 604 3158 Diodoro
621 3101 667 3158 Si·
706 3098 774 3155 ibid.
790 3097 871 3167 XXI,
888 3101 932 3156 13.
947 3095 1039 3163 aiem
1055 3097 1305 3177 maxietemplnm,

59 3179 121 3239 cato
134 3200 164 3258 p.
178 3182 249 3238 412.
273 3181 380 3238 ll’etr.
395 3180 472 3251 11,4.
487 3191 546 3262 agee
563 3180 575 3239 l
590 3208 666 3262 agac·
706 3180 736 3238 in
752 3179 983 3257 quoscerafiant
997 3187 1023 3235 et
1071 3176 1243 3236 eascolitar.
1263 3179 1304 3239 ib.

61 3272 187 3343 ιςχόμικι
215 3263 297 3337 cujus
324 3272 420 3338 partes
451 3263 554 3319 sectati
589 3263 666 3331 estis,
707 3281 734 3317 v.
748 3263 797 3318 22.
817 3261 904 3318 natare
925 3259 972 3316 ‘lu
995 3257 1026 3318 dr
1039 3264 1153 3323 niniam
1167 3261 1188 3317 ir
1201 3264 1232 3341 πῖ
1245 3287 1307 3342 ηε·

61 3347 145 3420 cujus
158 3352 336 3399 sectatorum
350 3360 500 3399 numerum
515 3342 643 3400 auxistis
707 3346 785 3421 σιυχῇ
808 3358 907 3398 omnes
928 3337 1079 3397 facultates
1100 3339 1236 3398 miracula
1256 3359 1308 3417 pa-

80 3430 108 3481 3.
131 3430 312 3503 agmantus
326 3430 359 3500 τῇ
373 3430 428 3500 Θεᾷ
441 3433 471 3482 et
492 3426 667 3505 angariaretur
708 3421 812 3489 troadi,
834 3438 1019 3498 quascunque
1040 3420 1173 3497 precibus
1187 3433 1308 3479 conten.

60 3503 232 3583 simpliciter
251 3502 376 3580 positum
396 3522 431 3561 ac
450 3507 552 3582 ἐγγιζω
565 3512 599 3582 τῷ
614 3513 669 3583 Θεᾷ
708 3502 815 3560 deritis.
847 3501 942 3558 Mare.
956 3499 1009 3569 IX,
1025 3504 1072 3560 29.
1095 3500 1148 3570 XI,
1167 3505 1210 3563 17.
1233 3502 1307 3562 Luc.

59 3585 179 3665 proprie
203 3582 319 3661 quidem
344 3583 367 3642 ii
389 3584 533 3654 dicuntur,
555 3585 604 3664 qai
629 3587 669 3643 art
712 3583 761 3654 Vl,
779 3585 824 3640 12.
844 3591 890 3641 nal
903 3579 931 3652 ir
950 3580 1132 3663 >munerarier
1154 3583 1175 3641 Ir
1194 3587 1225 3663 τῇ
1246 3610 1308 3664 ψ·

60 3686 143 3724 aram
163 3665 300 3723 accedant
321 3673 348 3723 et
362 3666 426 3724 Deo
445 3665 583 3745 scerfficin
602 3668 666 3745 offir-
707 3669 786 3744 σιυχῇ
806 3671 850 3724 τοῦ
873 3671 938 3722 &ab
959 3673 990 3720 et
1011 3681 1063 3740 per
1077 3673 1168 3720 totam
1191 3676 1309 3723 noctem

60 3757 140 3814 rant,
168 3744 216 3804 oei
240 3766 300 3814 saa,
328 3744 372 3803 nel
403 3745 522 3804 aliorum
551 3748 668 3805 nornine.
707 3743 882 3803 meditationi
895 3762 988 3801 rernm
1002 3743 1161 3802 divinarum
1177 3745 1308 3804 vacabat.

61 3827 158 3887 I'Iebr.
174 3825 214 3899 X,
231 3830 257 3885 I.
279 3824 507 3888 oiitamhimaer
520 3830 576 3893 anie
591 3855 668 3910 ηοω-
707 3825 776 3884 ibid.
803 3823 886 3894 XIX,
909 3829 958 3883 46.
993 3822 1092 3893 XXII,
1106 3828 1155 3884 45.
1182 3829 1308 3905 removi

109 3911 207 3983 ψέκνς
227 3913 355 3967 mamm
384 3927 441 3964 non
470 3919 583 3986 poterat
602 3928 668 3986 per-
707 3904 875 3985 deprecatio,
883 3924 980 3984 preces
993 3905 1034 3962 ad
1044 3906 1149 3974 Deam,
1158 3924 1214 3982 pro
1228 3925 1310 3962 coer·

73 4001 142 4049 ecte
155 3989 276 4066 expiare
286 3987 426 4047 sacrificia
435 3988 597 4060 offerentes,
611 3991 668 4055 τοὺς
708 3987 799 4046 tendis
820 3983 901 4044 malis
910 3988 1026 4064 sactae,
1040 3985 1105 4044 coll.
1119 4004 1145 4043 v.
1159 3987 1208 4042 42.
1239 3986 1310 4044 Act.

61 4087 243 4153 mpura«,
267 4069 333 4128 coll.
352 4068 407 4140 IX,
421 4075 449 4130 9.
472 4070 669 4149 metaphorice
710 4067 734 4138 Ι,
752 4072 798 4126 14.
818 4072 942 4150 remant
966 4065 1109 4124 meditatio
1130 4083 1224 4123 rerum
1236 4064 1310 4124 aivi·

62 4163 163 4211 tutem
183 4151 214 4208 in
240 4151 277 4208 N.
300 4150 344 4208 T.
360 4149 397 4208 ad
420 4171 466 4211 eos
489 4151 670 4221 transfertur,
710 4169 822 4219 nanim,
849 4147 939 4206 cultas
964 4147 1085 4206 divinas.
1122 4145 1196 4224 (quo
1223 4163 1311 4206 sensu

62 4234 115 4314 qui
127 4233 173 4292 vel
188 4234 284 4292 Deam
295 4231 425 4311 presidia
438 4232 541 4290 adeant
555 4243 582 4291 et
596 4231 672 4291 sola·
712 4231 785 4288 haec
809 4248 865 4286 vox
888 4228 975 4286 etiam
997 4226 1103 4304 legitur
1123 4225 1191 4283 ibid.
1205 4224 1248 4298 11,
1261 4230 1312 4288 49.

62 4313 102 4372 tis
115 4313 673 4393 masaadeamconfiagiantatqneop-
714 4310 770 4380 Ill,
788 4318 813 4368 l.
844 4307 895 4379 VI,
909 4315 938 4367 4.
970 4308 1068 4366 lCor.
1082 4305 1152 4378 VII,
1166 4306 1212 4386 5.)
1240 4310 1311 4368 Aet.

65 4395 135 4456 tima
156 4394 274 4480 paneas
295 4393 331 4454 ah
350 4413 382 4454 eo
402 4403 525 4475 sperant,
542 4394 588 4453 vel
608 4402 672 4454 sunt
714 4391 752 4464 X,
767 4398 795 4451 4.
810 4389 1015 4529 3ἲ11ἕηιιούσθι
1028 4390 1041 4452 i
1055 4390 1180 4471 ηοσινχιὶ
1202 4407 1311 4527 'inappr-

1196 4487 1235 4526 au
1256 4488 1264 4526 ι
1295 4487 1313 4527 e
