3052 5514
152 495 340 610 Hgmugiu.
714 508 751 581 Π
768 509 803 584 P
1189 505 1365 617 l'Ipota'yu.

138 621 222 726 liam,
232 676 421 736 personarum
443 666 590 739 respeetm.
627 656 676 716 Sic
697 677 742 716 se·
780 658 854 736 Rep.
877 657 986 718 Laced.
1008 661 1094 732 XIII,
1120 668 1146 722 3.
1167 664 1204 722 de
1227 666 1330 725 Venat.
1345 667 1382 738 V,

139 738 191 795 mel
205 737 325 816 degitur
346 738 376 796 In
399 739 436 798 N.
453 740 488 800 T.
512 745 524 797 I
547 740 620 799 Tim.
642 739 678 809 V,
694 744 742 798 21.
785 744 828 799 19.
854 740 1067 820 πςολκμςιίκνπς
1083 743 1107 802 ii
1128 750 1174 812 urie
1196 749 1279 813 sitae.
1313 748 1381 806 ibid.

138 818 404 902 lineamentalem
428 827 505 902 mit
527 824 695 902 πςοιςᾲιιτος
709 832 742 878 ut
781 820 833 891 VI,
859 827 904 881 19.
926 826 964 881 latr
987 822 1012 882 li
1036 829 1104 885 πολὺ
1128 836 1302 908 spontaneam
1328 826 1382 886 sier.

138 897 209 957 haec
234 902 370 960 observes
393 903 455 959 sine
480 902 544 960 ullo.
557 922 742 980 personarum
778 902 930 981 Joseplnm
955 907 993 961 A.
1014 906 1042 963 J.
1066 906 1106 976 II,
1133 927 1157 964 c.
1183 913 1210 970 7.
1229 912 1244 983 d
1262 915 1290 968 5.
1313 910 1380 979 VII,

139 992 282 1058 respectu.
315 982 526 1061 Clrpsmtomur
541 982 620 1041 adh.
634 985 652 1041 l.
667 991 743 1066 χωρὶς
783 988 870 1043 11.5.
907 984 951 1043 Cf.
967 985 1117 1044 Kreisinm
1143 989 1178 1046 ad
1194 989 1380 1051 Plutarchum

138 1088 318 1144 stuppam,
342 1065 411 1124 'retr'
434 1063 485 1123 im
509 1065 550 1123 ἵνα
568 1073 642 1132 sarri,
657 1063 683 1146 ᾖς
697 1074 743 1125 καὶ
779 1064 816 1120 de
840 1066 1000 1124 Audiendis
1026 1068 1131 1126 Poetis.
1144 1090 1171 1145 p.
1199 1074 1259 1130 102
1269 1090 1329 1148 seq.
1349 1082 1380 1130 et

139 1140 187 1209 isse
202 1152 253 1210 τοῖς
268 1141 444 1221 διωξομένοις,
459 1157 509 1211 τοῖς
524 1148 563 1204 ἐπὶ
578 1155 622 1206 roi
635 1145 742 1228 egirspe‘·
784 1146 931 1220 Wetstenii
952 1149 993 1205 N.
1021 1149 1054 1206 T.
1078 1151 1112 1207 T.
1127 1151 1152 1220 I,
1168 1172 1195 1226 p.
1209 1155 1282 1211 625.
1313 1153 1380 1210 Non

139 1225 245 1294 mestis
258 1224 650 1309 espaldeaegmeetdssp,prii
663 1256 741 1310 ergoc-
778 1246 892 1302 possum
917 1240 1013 1287 tamen
1038 1250 1055 1287 a
1077 1251 1123 1289 ma
1156 1233 1319 1309 impetrare,
1347 1244 1379 1292 ut

139 1309 301 1371 mmai.
338 1307 461 1388 Hesyelt.
482 1313 617 1390 episcopa·
639 1324 741 1391 septep-
777 1326 893 1383 prorsus
915 1309 1028 1367 silentio
1051 1324 1228 1388 praeteream
1250 1313 1379 1390 ingenio-

139 1412 184 1455 ας,
209 1403 367 1468 venepam.
409 1389 490 1446 Idem
515 1390 602 1446 tradit
628 1392 740 1448 Saietae.
776 1407 835 1445 sum
864 1391 1096 1467 explicationem,
1125 1413 1210 1470 quam
1241 1394 1279 1452 de
1312 1395 1378 1453 loco

138 1465 211 1526 Vide
230 1469 376 1528 Wetrtenii
390 1471 429 1527 N.
448 1471 482 1527 T.
497 1470 531 1528 Τ.
547 1470 585 1528 ΙΙ.
600 1491 628 1549 p.
642 1477 711 1535 344.
777 1469 872 1527 Marci
885 1491 971 1548 supra
995 1472 1111 1531 laudato
1133 1477 1290 1533 Loesnerua
1312 1496 1378 1553 pro·

187 1550 385 1622 ΠΡΟΚΥΡόΩ,
408 1550 504 1622 Mat.
526 1557 591 1621 aira,
612 1562 678 1610 arete
692 1574 739 1610 ro·
775 1551 841 1608 tulit
863 1552 891 1607 in
917 1554 1000 1611 Obss.
1027 1554 1200 1614 Philonianis
1219 1577 1249 1633 p.
1264 1564 1302 1616 84
1316 1576 1390 1634 seq.

135 1632 281 1708 temficio
295 1640 322 1689 et
336 1631 441 1701 sancio,
455 1642 521 1690 arete
543 1635 737 1692 auctoritatem
776 1631 889 1690 Tribuit
907 1653 1011 1711 nempe
1032 1644 1066 1713 τῇ
1080 1636 1261 1717 agompie'rm
1283 1640 1378 1695 notio·

135 1710 180 1781 do,
194 1730 234 1768 cx
249 1720 297 1795 egi
311 1724 378 1770 onte
391 1725 422 1771 et
434 1718 513 1794 segle
533 1715 639 1783 sancio,
660 1715 737 1793 quod
774 1731 841 1769 nem
850 1716 1046 1791 praevidendi,
1056 1718 1273 1795 praesentiendi,
1296 1719 1378 1797 qrrasi

135 1803 178 1849 est
190 1811 208 1849 a
221 1803 306 1874 κῢςος,
320 1819 363 1862 ως,
378 1802 415 1864 et,
429 1795 591 1853 auctoritas.
613 1796 738 1854 Tantum
772 1803 862 1852 mente
875 1805 901 1853 et
914 1797 1082 1875 cogitatione
1096 1797 1204 1877 aliquid
1214 1801 1379 1878 occupandi,

136 1870 242 1949 IegiIur
256 1877 287 1931 in
312 1874 349 1931 N.
365 1876 399 1932 T.
422 1875 517 1933 Galat.
542 1876 599 1946 III,
618 1881 662 1938 I'l.
683 1875 737 1937 lea·
774 1885 804 1932 et
818 1877 906 1934 verba
918 1875 1039 1958 requitatis
1056 1893 1161 1959 propiaret
1184 1907 1234 1955 μου
1258 1888 1286 1939 ri
1300 1886 1376 1957 ripere

137 1957 191 2018 tia·
206 1953 405 2037 ηαικυςωμέη
418 1957 566 2034 promissio
579 1976 597 2015 a
611 1958 678 2015 Deo
688 1977 739 2015 an-
774 1963 804 2020 n'e
815 1959 980 2032 ireapusept·
990 1959 1028 2016 ita
1041 1963 1194 2018 transfert:
1208 1962 1375 2038 praesentit,

137 2043 166 2091 te
178 2035 275 2112 legem
299 2036 459 2096 Mosaicsm
472 2037 560 2095 latam
581 2039 738 2097 certissime
774 2054 826 2093 seu
850 2037 1005 2107 intellexit,
1027 2059 1130 2116 corpus
1153 2061 1248 2098 meum
1264 2062 1373 2119 origen·

136 2113 209 2173 data.
774 2116 1189 2195 dumesseadpollincturarn.
1223 2123 1376 2197 Reponitur

188 2197 454 2268 nPOAAMBA'Ntt,
469 2198 523 2257 fut.
537 2199 665 2277 λήψομαι,
680 2220 739 2259 aor.
774 2210 870 2256 autem
885 2199 1067 2282 xganapssdmr
1080 2202 1109 2258 in
1124 2203 1178 2274 lmc
1191 2202 1376 2278 significatio·

136 2279 163 2338 2.
185 2277 334 2360 aguitando,
348 2299 407 2337 aor.
433 2285 458 2338 l.
482 2300 556 2357 pass.
580 2286 738 2362 egoenlptm,
774 2298 811 2336 ne
835 2281 912 2358 apud
935 2280 1082 2340 Philonem
1106 2283 1142 2341 de
1167 2283 1270 2341 Mundi
1285 2283 1391 2362 opit·-

138 2361 162 2416 1.
174 2359 308 2438 proprie:
330 2370 395 2419 ante
408 2360 496 2440 capio,
508 2362 640 2442 uritieipo,
651 2383 739 2441 prae·
774 2360 830 2429 cio,
845 2361 879 2419 Τ.
894 2361 917 2430 1,
931 2383 960 2439 p.
985 2369 1013 2420 8.
1026 2363 1072 2420 ed.
1095 2364 1227 2442 Pjeiseri.
1241 2364 1375 2447 agatadis

135 2459 245 2520 occupo,
255 2462 416 2518 praesumo,
434 2443 581 2521 praeripia
603 2443 677 2514 aliis,
698 2463 736 2501 ex
773 2446 824 2522 mig
839 2445 850 2500 ὁ
866 2450 926 2508 Oete
948 2446 995 2503 tt..
1019 2451 1090 2515 Θεὸς,
1106 2447 1152 2503 ubi
1176 2465 1227 2523 pro
1242 2445 1374 2527 agatadis

137 2528 180 2602 egi
195 2534 227 2580 et
241 2520 366 2597 tamisim
379 2524 468 2601 capio.
506 2529 518 2581 l
537 2526 604 2582 Cor.
620 2524 673 2594 XI,
689 2529 736 2583 21.
773 2522 901 2578 nonnulli
915 2525 1030 2581 codices
1044 2545 1060 2582 e
1074 2526 1246 2602 glossemate
1271 2525 1374 2609 πςοῖδὸ»

135 2599 237 2668 imm
250 2610 302 2685 γᾶζ
317 2612 344 2663 τὸ
369 2603 430 2664 ileos
452 2603 543 2664 lein-ror
565 2604 736 2687 xpompesseim
771 2601 887 2660 habeni-
923 2606 990 2662 Alia
1003 2605 1067 2664 loca
1081 2627 1097 2664 θ
1112 2608 1142 2665 P
1141 2607 1234 2666 ltilone
1252 2627 1374 2686 conges-

83 2753 87 2764 '
136 2683 209 2762 ires·
233 2694 325 2757 popm
348 2705 415 2743 uam
437 2687 557 2764 quilibet
575 2688 735 2763 portionem
770 2683 807 2740 sit
820 2685 977 2743 Loesuerus
991 2687 1009 2742 I.
1023 2687 1042 2744 l.
1239 2711 1241 2714 ’

137 2763 276 2836 ciborum,
291 2787 376 2843 quam
400 2767 494 2826 afferri
515 2768 599 2845 jussit
623 2768 651 2824 in
666 2787 734 2824 con·
792 2769 821 2822 3.
835 2786 934 2845 occupo
945 2777 1061 2844 praeter
1074 2768 1238 2847 opinionem,
1254 2770 1373 2829 arcam.

136 2859 236 2905 ventus
249 2865 355 2916 sacros,
370 2849 507 2925 praeripit
520 2849 581 2906 aliis
601 2848 630 2904 in
646 2867 736 2907 coena
772 2846 860 2914 venio,
875 2847 993 2926 altripio.
1029 2850 1244 2931 ngsnapssa'npm
1254 2861 1371 2929 praeter

93 2968 96 2974 ,
138 2943 225 2985 secra.
248 2928 333 2986 Conf.
346 2948 432 3007 supra
444 2931 478 2987 T.
492 2928 576 2998 I,sub
591 2949 653 2987 voc.
667 2926 735 2988 letr-
770 2927 925 3004 opinionem
950 2930 1043 2988 incido
1067 2931 1371 3011 inadipaid,occupor,

139 3033 177 3066 nr.
213 3009 335 3068 Scilicet
362 3011 504 3069 Corinthii
531 3010 657 3080 ditiores,
687 3011 737 3088 qui
770 3007 980 3080 circumvenior,
1004 3012 1139 3089 abripior,
1168 3026 1199 3070 ut
1226 3014 1262 3069 sit
1292 3014 1309 3070 i.
1342 3034 1371 3092 q.

124 3091 354 3159 'conveniebam
371 3092 400 3152 S
416 3095 543 3151 Coenam
554 3091 736 3161 celebraturi,
770 3092 907 3165 ἱκάνομαι
931 3102 961 3148 et
975 3099 1165 3165 interemptas.
1200 3093 1295 3150 Galat.
1318 3093 1371 3163 VI,

137 3168 291 3229 afferebant
313 3173 393 3230 cibos
414 3172 451 3231 de
465 3193 527 3242 suo,
551 3192 622 3250 quos
639 3185 734 3231 autem
774 3174 798 3228 l·
814 3173 853 3228 iris
864 3179 908 3230 zai
922 3179 1050 3252 πςοληφθῇ
1061 3176 1182 3253 livigone
1197 3175 1216 3232 it
1230 3185 1276 3232 rari
1285 3201 1371 3266 trapa·

137 3268 190 3309 non
219 3252 409 3312 conferebant
436 3254 464 3311 in
493 3273 662 3322 commune;
686 3253 737 3311 sed
771 3254 891 3325 πτάμτι
905 3252 928 3309 si
952 3253 1014 3329 quis
1035 3253 1139 3310 invitus
1164 3265 1195 3310 et
1218 3254 1370 3331 improvm

138 3345 237 3391 contra
249 3353 371 3404 morem,
385 3336 414 3392 in
428 3336 525 3412 agapis
547 3346 675 3393 veterum
690 3355 736 3394 re·
770 3334 905 3408 abreptus
918 3333 1005 3391 fuerit
1020 3334 1088 3391 vitio
1107 3335 1241 3412 quodam,
1258 3355 1310 3392 seu
1331 3355 1370 3395 ex
1463 3363 1464 3366 ¹

137 3426 260 3491 ceptum,
276 3435 359 3473 suum
379 3416 499 3493 quisque
519 3416 573 3473 sibi
594 3417 734 3486 servabat,
770 3411 964 3472 imbecillitate
987 3415 1112 3473 humana
1132 3429 1245 3493 praeter
1259 3417 1370 3493 opinio·

136 3513 171 3552 ex
187 3516 245 3573 quo
259 3496 321 3554 lieri
336 3516 393 3553 non
408 3508 531 3575 poterat,
545 3498 613 3574 quin
628 3518 735 3575 paupe·
768 3513 834 3550 nem
849 3495 960 3552 labatur
973 3508 1004 3552 et
1018 3508 1141 3574 peccet·
1165 3497 1249 3555 Conf.
1271 3496 1370 3557 Iilsne·

137 3595 181 3633 res
194 3577 347 3646 esurirent,
361 3579 554 3655 opulentiores
570 3598 636 3636 vero
651 3579 735 3655 largi·
769 3596 830 3630 rum
845 3586 875 3632 et
890 3576 1029 3654 li'pplcinm
1045 3577 1081 3634 ud
1096 3577 1124 3633 h.
1138 3578 1157 3634 I.
1185 3579 1243 3636 Sed
1254 3590 1370 3637 vertunt

138 3676 168 3714 us
202 3671 396 3716 vescerentur.
439 3661 593 3717 Caeterum
623 3662 736 3736 saepius
769 3656 814 3712 alii
830 3657 999 3733 interpretes
1012 3658 1072 3715 sic:
1093 3658 1204 3716 etiamsi
1222 3659 1284 3735 quis
1299 3659 1371 3716 deli-

99 3741 101 3745 ’
138 3738 321 3819 egetepssa‘mr
331 3740 360 3796 in
374 3740 429 3798 hac
440 3740 646 3816 significatione
661 3740 737 3818 apud
771 3736 864 3812 quisse
873 3738 1118 3814 depretietrdotar5
1135 3750 1167 3796 ut
1177 3738 1371 3821 xgonepssdm-

121 3819 349 3877 -Demostlrenem
378 3840 539 3889 occurrere,
568 3821 664 3879 multis
687 3840 738 3878 ex·
770 3827 808 3876 ter
823 3818 859 3875 sit
873 3819 891 3875 i.
906 3838 933 3894 q.
953 3818 1194 3895 neranapsse‘mtm
1218 3821 1370 3898 deprehen·

137 3901 236 3978 emplis
249 3899 350 3959 docuit
364 3901 465 3959 lleislre
479 3901 507 3958 in
533 3902 632 3959 Indice
647 3903 737 3960 Grae·
769 3899 808 3965 di,
825 3911 856 3954 ut
870 3899 975 3976 legitur
987 3901 1112 3978 Sapient.
1127 3901 1223 3970 XVII,
1239 3906 1284 3964 17.
1300 3903 1371 3962 Sue.

136 3981 184 4041 cit.
220 3982 455 4040 Demostheneue
469 4002 497 4059 p.
511 3988 571 4041 644
585 4002 645 4059 seq.
744 4035 745 4038 ,
770 3981 833 4056 pius
848 3981 875 4037 in
893 3988 928 4038 N.
945 3981 979 4037 Τ.
993 4001 1050 4037 non
1066 3982 1215 4058 reperitur.

155 4066 183 4120 2.
206 4064 361 4132 anteverto,
380 4065 541 4142 praevenio,
563 4064 592 4121 in
615 4072 738 4121 auteces-
824 4058 1067 4129 monimina
1081 4065 1134 4135 ἐξω,
1144 4063 1289 4139 praedico,
1303 4075 1370 4124 ante

137 4162 193 4200 suta
207 4142 321 4223 aliquid
318 4144 414 4222 sarcio.
436 4145 529 4202 Marc.
541 4144 623 4220 XIV,
635 4150 662 4201 8.
676 4171 738 4225 ego·
768 4142 839 4211 dieo,
856 4163 1026 4220 praenarro,
1049 4163 1086 4200 ex
1109 4150 1155 4224 egi
1170 4153 1235 4202 ante
1250 4156 1279 4202 et
1305 4144 1369 4216 λέγω

137 4224 209 4285 ituit
230 4232 336 4307 pevgt'w
353 4253 402 4301 μου
424 4232 452 4284 ri
475 4230 549 4301 eripere
571 4228 737 4289 tieairim·
769 4224 838 4281 dico.
874 4227 893 4281 2
918 4225 984 4282 Cor.
1009 4224 1094 4294 XIII,
1120 4232 1148 4282 2.
1171 4229 1300 4306 reperiemus
1323 4230 1368 4285 eal
1405 4244 1413 4252 '

137 4313 245 4380 φιασμὶι
259 4307 412 4384 occupavit
426 4326 529 4384 corpus
543 4325 638 4364 meum
653 4306 737 4362 inun-
768 4306 882 4384 egerim»
896 4304 1025 4380 praedixi
1046 4308 1104 4381 jam
1119 4317 1150 4362 et
1172 4318 1272 4383 repeto
1286 4325 1369 4383 prae·

136 4407 203 4464 gere
218 4388 255 4445 ad
270 4388 469 4466 pollinctorum
486 4387 582 4465 quasi:
604 4407 664 4455 seu,
688 4405 737 4443 an·
766 4385 854 4443 dicta.
885 4387 980 4464 Galat.
1004 4387 1040 4456 V,
1063 4391 1111 4444 ‘ll.
1131 4384 1151 4445 t
1173 4390 1286 4467 agonem
1312 4392 1369 4461 ὑμῖν

137 4470 252 4528 tevertit
282 4469 472 4549 (antevoluit)
503 4486 612 4545 ungere
634 4465 738 4546 corpus
767 4472 845 4532 uteie
872 4475 918 4526 zat
938 4476 1060 4548 πςοεῖπω.
1097 4473 1109 4525 l
1138 4468 1238 4524 Thess.
1259 4466 1315 4535 III,
1339 4473 1368 4527 4.

137 4549 284 4610 meumad
299 4549 499 4628 pollinctorum
514 4549 602 4627 quasi
639 4549 738 4625 Saepi·
769 4548 888 4624 Saepius
903 4548 931 4604 in
951 4549 987 4606 N.
1004 4550 1037 4605 T.
1060 4568 1116 4605 non
1139 4549 1252 4623 legitur.
1288 4548 1369 4605 Non-

137 4645 281 4692 usautem
305 4632 382 4707 apud
404 4631 532 4689 Graecos
556 4628 739 4711 egotmddrm
767 4629 851 4687 nuliis
879 4629 1081 4706 interpretibus
1105 4629 1231 4708 episima
1255 4628 1369 4687 videtur

137 4713 172 4772 de
187 4715 220 4773 iia
244 4723 407 4791 usurpatur,
429 4711 478 4790 qui
492 4711 609 4790 aliquem
621 4731 738 4790 praeue-
766 4710 933 4786 simpliciter
962 4709 1129 4767 vertendum
1157 4727 1219 4765 esse
1243 4729 1368 4781 monere,

137 4797 215 4856 niunt
230 4808 257 4857 et
272 4801 461 4864 anteiertunt,
476 4811 503 4851 v.
517 4811 543 4852 c.
560 4792 687 4873 Xenoplt.
701 4791 738 4851 de
765 4791 867 4864 dicere,
890 4785 1030 4859 traitiare,
1060 4800 1091 4848 ut
1113 4789 1150 4847 sit
1177 4789 1269 4881 idem,
1291 4790 1369 4927 qqod

1247 4889 1368 4950 suupex
